@InProceedings{mlab/ishida06:percom_demo,
  author = 	 {Ishida, Shigemi and Minami, Masateru and Nishizawa, Youhei and Morito, Takashi and Moriyama, Yusuke and Morikawa, Hiroyuki and Aoyama, Tomonori},
  title = 	 {Three Devices for Tackling Practical Problems in Pervasive Computing},
  OPTcrossref =  {},
  OPTkey = 	 {},
  booktitle =	 IEEE_D_PERCOM,
  pages = 	 {1},
  year = 	 {2006},
  OPTeditor = 	 {},
  OPTvolume = 	 {},
  OPTnumber = 	 {},
  OPTseries = 	 {},
  OPTaddress = 	 {Pisa, Italy},
  month = 	 mar,
  OPTorganization = {},
  OPTpublisher =	 {},
  note = 	 {D8},
  url =		 {http://cnd.iit.cnr.it/percom2006/session-demo.html},
  OPTannote = 	 {}
}

@InProceedings{mlab/matsui07:wake-up_st,
  author = 	 {松井 壮介 and 石田 繁巳 and 鈴木 誠 and 猿渡 俊介 and 森川 博之},
  title = 	 {実験的アプローチによるシングルホップ通信とマルチホップ通信の消費電力の比較},
  OPTcrossref =  {},
  OPTkey = 	 {},
  booktitle =	 IEICEJ_ST,
  pages = 	 {1},
  year = 	 {2007},
  OPTeditor = 	 {},
  OPTvolume = 	 {},
  OPTnumber = 	 {},
  OPTseries = 	 {},
  OPTaddress = 	 {},
  month = 	 mar,
  OPTorganization = {},
  OPTpublisher =	 {},
  OPTnote = 	 {A-21-22},
  url =		 {https://www.ieice.org/jpn/event/program/2007G/html/program/a_main.html#a_21_22},
  OPTannote = 	 {}
}

@InProceedings{mlab/ishida07:wake-up_st,
  author = 	 {石田 繁巳 and 猿渡 俊介 and 鈴木 誠 and 森川 博之},
  title = 	 {サービス発見のためのゼロ受信待機電力無線システムの設計},
  OPTcrossref =  {},
  OPTkey = 	 {},
  booktitle =	 IEICEJ_ST,
  pages = 	 {1},
  year = 	 {2007},
  OPTeditor = 	 {},
  OPTvolume = 	 {},
  OPTnumber = 	 {},
  OPTseries = 	 {},
  OPTaddress = 	 {},
  month = 	 mar,
  OPTorganization = {},
  OPTpublisher =	 {},
  note = 	 {B-7-202},
  url =		 {https://www.ieice.org/jpn/event/program/2007G/html/program/b_main2.html#b_7_201},
  OPTannote = 	 {}
}

@InProceedings{mlab/ishida08:wake-up_st,
  author = 	 {石田 繁巳 and 鈴木 誠 and 森戸 貴 and 森川 博之},
  title = 	 {低受信待機電力無線通信のための階層型ウェイクアップ機構},
  OPTcrossref =  {},
  OPTkey = 	 {},
  booktitle =	 IEICEJ_ST,
  pages = 	 {1},
  year = 	 {2008},
  OPTeditor = 	 {},
  OPTvolume = 	 {},
  OPTnumber = 	 {},
  OPTseries = 	 {},
  OPTaddress = 	 {},
  month = 	 mar,
  OPTorganization = {},
  OPTpublisher =	 {},
  note = 	 {B-5-112},
  url =		 {https://www.ieice.org/jpn/event/program/2008G/html/program/b_main.html#b_5b},
  OPTannote = 	 {}
}

@InProceedings{mlab/ishida08:wakeup_in,
  author = 	 {石田 繁巳 and 鈴木 誠 and 森戸 貴 and 森川 博之},
  title = 	 {低受信待機電力無線通信のための多段ウェイクアップ機構},
  OPTcrossref =  {},
  OPTkey = 	 {},
  booktitle =    IEICEJ_T,
  pages = 	 {355--360},
  year = 	 {2008},
  OPTeditor = 	 {},
  OPTvolume = 	 {},
  OPTnumber = 	 {},
  OPTseries = 	 {},
  OPTaddress = 	 {},
  month = 	 mar,
  OPTorganization = {},
  OPTpublisher =	 {},
  note = 	 IEICEJ_T_IN # "（IN2007-218）",
  OPTannote = 	 {}
}

@InProceedings{mlab/takiguchi09:wakeup_greencomm,
  author = 	 {Takiguchi, Takahiro and Saruwatari, Shunsuke and Morito, Takashi and Ishida, Shigemi and Minami, Masateru and Morikawa, Hiroyuki},
  title = 	 {A Novel Wireless Wake-up Mechanism for Energy-efficient Ubiquitous Networks},
  OPTcrossref =	 {GreenComm2009},
  OPTkey = 	 {},
  booktitle =	 IEEE_P_GREENCOMM,
  pages = 	 {1--5},
  year = 	 {2009},
  OPTeditor = 	 {},
  OPTvolume = 	 {},
  OPTnumber = 	 {},
  OPTseries = 	 {},
  OPTaddress = 	 {},
  month = 	 jun,
  OPTorganization = {},
  OPTpublisher = {},
  OPTnote = 	 {},
  doi =		 {10.1109/ICCW.2009.5208044},
  url =		 {https://doi.org/10.1109/ICCW.2009.5208044},
  OPTannote = 	 {}
}

@Unpublished{mlab/ishida09:inria,
  author = 	 {Ishida, Shigemi},
  title = 	 {Wake-up Wireless Communication System for Energy-Efficient Ubiquitous Network},
  note = 	 {INRIA-TODAI Workshop (GCOE-INRIA Workshop), oral presentation},
  OPTkey = 	 {},
  month = 	 dec,
  year = 	 {2009},
  OPTaddress = 	 {Versailles, France},
  OPTannote = 	 {}
}

@InProceedings{mlab/takiguchi10:bloom_rcs,
  author = 	 {瀧口 貴啓 and 石田 繁巳 and 猿渡 俊介 and 南 正輝 and 森川 博之},
  title = 	 {ブルームフィルタを用いたウェイクアップ型無線通信システムの消費電力評価},
  OPTcrossref =  {},
  OPTkey = 	 {},
  booktitle =    IEICEJ_T,
  pages = 	 {269--274},
  year = 	 {2010},
  OPTeditor = 	 {},
  OPTvolume = 	 {},
  OPTnumber = 	 {},
  OPTseries = 	 {},
  OPTaddress = 	 {},
  month = 	 jan,
  OPTorganization = {},
  OPTpublisher =	 {},
  note = 	 IEICEJ_T_RCS # "（RCS2009-254）",
  OPTannote = 	 {}
}

@Unpublished{mlab/ishida10:hakone_mct,
  author = 	 {Ishida, Shigemi},
  title = 	 {Design of a Zero-Power-Listening Wireless System for Service Discovery},
  note = 	 {1st International Workshop on Microwatt Communication Technology},
  OPTkey = 	 {},
  month = 	 jan,
  year = 	 {2010},
  OPTaddress =	 {Hakone, Japan},
  OPTannote = 	 {}
}

@InProceedings{mlab/ishida10:apsitt,
  author = 	 {Ishida, Shigemi and Takiguchi, Takahiro and Saruwatari, Shunsuke and Minami, Masateru and Morikawa, Hiroyuki},
  title = 	 {Evaluation of a Wake-up Wireless Module with {Bloom}-Filter-Based {ID} Matching},
  OPTcrossref =  {},
  OPTkey = 	 {},
  booktitle =	 IEICE_C_APSITT,
  pages = 	 {1--6},
  year = 	 {2010},
  OPTeditor = 	 {},
  OPTvolume = 	 {},
  OPTnumber = 	 {},
  OPTseries = 	 {},
  OPTaddress = 	 {Kuching, Sarawak, Malaysia},
  month = 	 jun,
  OPTorganization = {},
  OPTpublisher = {},
  OPTnote = 	 {},
  OPTannote = 	 {},
  url =		 {https://ieeexplore.ieee.org/document/5532297/}
}

@InProceedings{mlab/ishida10:wake-up_imple,
  author = 	 {石田 繁巳 and 瀧口 貴啓 and 猿渡 俊介 and 南 正輝 and 森川 博之},
  title = 	 {ウェイクアップ型無線通信のためのグループ指定可能{ID}マッチング機構の実装},
  OPTcrossref =  {},
  OPTkey = 	 {},
  booktitle =	 IEICEJ_SO,
  pages = 	 {1},
  year = 	 {2010},
  OPTeditor = 	 {},
  OPTvolume = 	 {},
  OPTnumber = 	 {},
  OPTseries = 	 {},
  OPTaddress = 	 {},
  month = 	 sep,
  OPTorganization = {},
  OPTpublisher =	 {},
  note = 	 {B-5-140},
  url =		 {https://www.ieice.org/jpn/event/program/2010S/html/program/b_main.html#b_5_136},
  OPTannote = 	 {}
}

@Unpublished{mlab/ishida10:iot,
  author = 	 {Ishida, Shigemi and Takiguchi, Takahiro and Saruwatari, Shunsuke and Minami, Masateru and Morikawa, Hiroyuki},
  title = 	 {Implementation of {Bloom}-Filter-Based {ID} Matching for Wake-up Wireless Communication},
  note = 	 {Internet of Things 2010 Conference (IoT 2010), Poster},
  OPTkey = 	 {},
  month = 	 dec,
  year = 	 {2010},
  OPTaddress =	 {Tokyo, Japan},
  OPTannote = 	 {},
  url =		 {https://iot-conference.org/iot2010/conference/index.html}
}

@Unpublished{mlab/ishida10:google_workshop,
  author = 	 {Ishida, Shigemi},
  title = 	 {Wake-up Wireless Communication System},
  note = 	 {Tech Talks and Mix at Google Tokyo, oral presentation},
  OPTkey = 	 {},
  month = 	 dec,
  year = 	 {2010},
  OPTaddress =	 {Tokyo, Japan},
  OPTannote = 	 {}
}

@Unpublished{mlab/kak-t10:health_poster,
  author = 	 {角田 仁 and 中嶋 毅彰 and 石田 繁巳 and 猿渡 俊介 and 森川 博之},
  title = 	 {社会実装に向けたヘルスケア情報共有基盤},
  note = 	 {第5回人間情報学会講演会，ポスター},
  OPTkey = 	 {},
  month = 	 dec,
  year = 	 {2010},
  OPTannote = 	 {}
}

@InProceedings{mlab/ishida11:wake-up_sogo,
  author = 	 {石田 繁巳 and 瀧口 貴啓 and 猿渡 俊介 and 森川 博之},
  title = 	 {ブルームフィルタを用いたウェイクアップ型無線通信システムにおける{ID}長の影響},
  OPTcrossref =  {},
  OPTkey = 	 {},
  booktitle =	 IEICEJ_ST,
  pages = 	 {1},
  year = 	 {2011},
  OPTeditor = 	 {},
  OPTvolume = 	 {},
  OPTnumber = 	 {},
  OPTseries = 	 {},
  OPTaddress = 	 {},
  month = 	 mar,
  OPTorganization = {},
  OPTpublisher =	 {},
  note = 	 {B-5-146},
  OPTannote = 	 {}
}

@InProceedings{mlab/takiguchi11:wake-up_sogo,
  author = 	 {瀧口 貴啓 and 石田 繁巳 and 岸 孝彦 and 丹羽 栄二 and 見並 一明 and 猿渡 俊介 and 森川 博之},
  title = 	 {車両内ウェイクアップ型無線通信における数個のビット不一致許容{ID}マッチング},
  OPTcrossref =  {},
  OPTkey = 	 {},
  booktitle =	 IEICEJ_ST,
  pages = 	 {1},
  year = 	 {2011},
  OPTeditor = 	 {},
  OPTvolume = 	 {},
  OPTnumber = 	 {},
  OPTseries = 	 {},
  OPTaddress = 	 {},
  month = 	 mar,
  OPTorganization = {},
  OPTpublisher = {},
  note = 	 {B-5-145},
  url =		 {https://www.ieice.org/jpn/event/program/2011G/html/program/b_main.html#b_5_144},
  OPTannote = 	 {}
}

@InProceedings{mlab/okamura11:sogo,
  author = 	 {岡村 悠貴 and 鈴木 誠 and 石田 繁巳 and 今泉 英明 and 関谷 勇司 and 森川 博之 },
  title = 	 {非同期光パケットリングにおける高帯域利用効率パケット選択方式},
  OPTcrossref =  {},
  OPTkey = 	 {},
  booktitle =	 IEICEJ_ST,
  pages = 	 {1},
  year = 	 {2011},
  OPTeditor = 	 {},
  OPTvolume = 	 {},
  OPTnumber = 	 {},
  OPTseries = 	 {},
  OPTaddress = 	 {},
  month = 	 mar,
  OPTorganization = {},
  OPTpublisher =	 {},
  note = 	 {B-10-96},
  OPTannote = 	 {}
}

@InProceedings{mlab/takiguchi11:wakeup_in,
  author = 	 {瀧口 貴啓 and 石田 繁巳 and 岸 孝彦 and 丹羽 栄二 and 見並 一明 and 猿渡 俊介 and 森川 博之},
  title = 	 {ウェイクアップ型無線通信におけるビット不一致許容{ID}マッチング},
  OPTcrossref =  {},
  OPTkey = 	 {},
  booktitle =	 IEICEJ_T,
  pages = 	 {193--198},
  year = 	 {2011},
  OPTeditor = 	 {},
  OPTvolume = 	 {110},
  OPTnumber = 	 {449},
  OPTseries = 	 {},
  OPTaddress = 	 {},
  month = 	 mar,
  OPTorganization = {},
  OPTpublisher =	 {},
  note = 	 IEICEJ_T_IN # "（IN2010-176）",
  OPTannote = 	 {}
}

@InProceedings{mlab/ishida11:mixer_sotai,
  author = 	 {石田 繁巳 and 鈴木 誠 and 森川 博之},
  title = 	 {サブスレッショルド特性を利用するウェイクアップ受信機用ミキサの初期的検討},
  OPTcrossref =  {},
  OPTkey = 	 {},
  booktitle =	 IEICEJ_SO,
  pages = 	 {1},
  year = 	 {2011},
  OPTeditor = 	 {},
  OPTvolume = 	 {},
  OPTnumber = 	 {},
  OPTseries = 	 {},
  OPTaddress = 	 {},
  month = 	 sep,
  OPTorganization = {},
  OPTpublisher =	 {},
  note = 	 {C-12-16},
  url =		 {https://www.ieice.org/jpn/event/program/2011S/Settings/html/program/es_ippan.html#c_12},
  OPTannote = 	 {}
}

@InProceedings{mlab/kim11:spectrum_sotai,
  author = 	 {金 昊俊 and 長縄 潤一 and 石田 繁巳 and 鈴木 誠 and 森川 博之},
  title = 	 {可変{RBW}を用いた周波数占有率の測定精度の初期的評価},
  OPTcrossref =  {},
  OPTkey = 	 {},
  booktitle =	 IEICEJ_SO,
  pages = 	 {1},
  year = 	 {2011},
  OPTeditor = 	 {},
  OPTvolume = 	 {},
  OPTnumber = 	 {},
  OPTseries = 	 {},
  OPTaddress = 	 {},
  month = 	 sep,
  OPTorganization = {},
  OPTpublisher =	 {},
  note = 	 {B-17-8},
  OPTannote = 	 {}
}

@InProceedings{mlab/nakamura11:co2_visual_sotai,
  author = 	 {中村 元紀 and 中村 隆幸 and 荒川 豊 and 東島由佳 and 柏木 啓一郎 and 森 皓平 and 松村 一 and 石田 繁巳 and 猿渡 俊介 and 翁長 久 and 森川 博之},
  title = 	 {{uTupleSpace}を利用した$\mathrm{CO_2}$排出量可視化の実証実験},
  OPTcrossref =  {},
  OPTkey = 	 {},
  booktitle =	 IEICEJ_SO,
  pages = 	 {1},
  year = 	 {2011},
  OPTeditor = 	 {},
  OPTvolume = 	 {},
  OPTnumber = 	 {},
  OPTseries = 	 {},
  OPTaddress = 	 {},
  month = 	 sep,
  OPTorganization = {},
  OPTpublisher =	 {},
  note = 	 {B-19-21},
  OPTannote = 	 {}
}

@Article{mlab/ishida11:wake-up_ieice_trans,
  author = 	 {石田 繁巳 and 瀧口 貴啓 and 猿渡 俊介 and 南 正輝 and 森川 博之},
  title = 	 {ブルームフィルタを用いたウェイクアップ型通信システム},
  journal = 	 IEICEJ_J_B,
  year = 	 {2011},
  OPTkey = 	 {},
  volume = 	 {J94-B},
  number = 	 {10},
  pages = 	 {1397--1407},
  month = 	 oct,
  OPTnote = 	 {},
  OPTannote = 	 {}
}

@InProceedings{mlab/mori12:utuple_usn,
  author = 	 {森 皓平 and 中村 隆幸 and 柏木 啓一郎 and 荒川 豊 and 中村 元紀 and 松村 一 and 東島 由佳 and 石田 繁巳 and 猿渡 俊介 and 翁長 久 and 森川 博之},
  title = 	 {{uTupleSpace}を用いたセンサ利用サービスの開発を支援する「実世界開発スタジオ」の提案と評価},
  OPTcrossref =  {},
  OPTkey = 	 {},
  booktitle =	 IEICEJ_T,
  pages = 	 {1--6},
  year = 	 {2012},
  OPTeditor = 	 {},
  OPTvolume = 	 {},
  OPTnumber = 	 {},
  OPTseries = 	 {},
  OPTaddress = 	 {},
  month = 	 jan,
  OPTorganization = {},
  OPTpublisher =	 {},
  note = 	 IEICEJ_T_USN # "（USN2011-72）",
  OPTannote = 	 {}
}

@InProceedings{mlab/nakajima12:spfc_sogo,
  author = 	 {中嶋 毅彰 and 米川 慧 and 石田 繁巳 and 鈴木 誠 and 森川 博之},
  title = 	 {多様なサービス電力の発見・割当て・制御機構},
  OPTcrossref =  {},
  OPTkey = 	 {},
  booktitle =	 IEICEJ_ST,
  pages = 	 {1},
  year = 	 {2012},
  OPTeditor = 	 {},
  OPTvolume = 	 {},
  OPTnumber = 	 {},
  OPTseries = 	 {},
  OPTaddress = 	 {},
  month = 	 mar,
  OPTorganization = {},
  OPTpublisher =	 {},
  note = 	 {BS-4-2},
  OPTannote = 	 {}
}

@InProceedings{mlab/ishida12:mds_wake_its,
  author = 	 {石田 繁巳 and 猿渡 俊介 and 森川 博之},
  title = 	 {ワイヤレスハーネスのための2進{MDS-ID}マッチング型ウェイクアップ通信の評価},
  OPTcrossref =  {},
  OPTkey = 	 {},
  booktitle =	 IPSJJ_T_,
  pages = 	 {1--8},
  year = 	 {2012},
  OPTeditor = 	 {},
  OPTvolume = 	 {2012-ITS-49},
  OPTnumber = 	 {3},
  OPTseries = 	 {},
  OPTaddress = 	 {},
  month = 	 jun,
  OPTorganization = {},
  OPTpublisher =	 {},
  note = 	 IPSJJ_T_ITS # "（ITS49-3）",
  annote = 	 {（優秀論文賞）}
}

@InProceedings{mlab/okui12:sensys_demo,
  author = 	 {Okui, Hiroki and Suzuki, Makoto and Lee, Doohwan and Ishida, Shigemi and Morikawa, Hiroyuki},
  title = 	 {Preambleless {TDD/TDMA} {OFDM} System for Real-Time Wireless Control Networks},
  OPTcrossref =  {},
  OPTkey = 	 {},
  booktitle =	 ACM_D_SENSYS,
  pages = 	 {369--370},
  year = 	 {2012},
  OPTeditor = 	 {},
  OPTvolume = 	 {},
  OPTnumber = 	 {},
  OPTseries = 	 {},
  OPTaddress = 	 {Toronto, Canada},
  month = 	 nov,
  OPTorganization = {},
  OPTpublisher = {},
  OPTnote = 	 {},
  doi =		 {10.1145/2426656.2426713},
  url =		 {https://doi.org/10.1145/2426656.2426713},
  OPTannote = 	 {}
}

@InProceedings{mlab/kyone12:icrera,
  author = 	 {Yonekawa, Kei and Ishida, Shigemi and Suzuki, Makoto and Morikawa, Hiroyuki},
  title = 	 {The Design and Implementation of Power Service Discovery System in Distributed Generation Environment},
  OPTcrossref =  {},
  OPTkey = 	 {},
  booktitle =	 MISC_P_ICRERA,
  pages = 	 {1--6},
  year = 	 {2012},
  OPTeditor = 	 {},
  OPTvolume = 	 {},
  OPTnumber = 	 {},
  OPTseries = 	 {},
  OPTaddress = 	 {Nagasaki, Japan},
  month = 	 nov,
  OPTorganization = {},
  OPTpublisher = {},
  OPTnote = 	 {},
  OPTannote = 	 {},
  url =		 {https://doi.org/10.1109/ICRERA.2012.6477406},
  doi =		 {10.1109/ICRERA.2012.6477406}
}

@InProceedings{mlab/okui13:rrrc,
  author = 	 {奥井 寛樹 and 石田 繁巳 and 鈴木 誠 and 森川 博之},
  title = 	 {制御用無線ネットワーク向け高信頼低遅延{OFDM}システムの評価},
  OPTcrossref =  {},
  OPTkey = 	 {},
  booktitle =	 IEICEJ_T,
  pages = 	 {1--6},
  year = 	 {2013},
  OPTeditor = 	 {},
  OPTvolume = 	 {},
  OPTnumber = 	 {},
  OPTseries = 	 {},
  OPTaddress = 	 {},
  month = 	 jan,
  OPTorganization = {},
  OPTpublisher =	 {},
  note = 	 IEICEJ_T_RRRC # "（RRRC2012-24）",
  OPTannote = 	 {},
  OPTnote = 	 {},
  OPTannote = 	 {}
}

@InProceedings{mlab/okui13:sogo,
  author = 	 {奥井 寛樹 and 鈴木 誠 and 石田 繁巳 and 森川 博之},
  title = 	 {プリアンブルレス{OFDM}における位相オフセット補正に関する検討},
  OPTcrossref =  {},
  OPTkey = 	 {},
  booktitle =	 IEICEJ_ST,
  pages = 	 {1},
  year = 	 {2013},
  OPTeditor = 	 {},
  OPTvolume = 	 {},
  OPTnumber = 	 {},
  OPTseries = 	 {},
  OPTaddress = 	 {},
  month = 	 mar,
  OPTorganization = {},
  OPTpublisher =	 {},
  note = 	 {B-5-137},
  url =		 {https://www.ieice.org/jpn/event/program/2013G/Settings/ab/b_05_137.html},
  OPTannote = 	 {}
}

@InProceedings{mlab/david13:sogo,
  author = 	 {Gonzalez, David and Lee, Doohwan and Ishida, Shigemi and Suzuki, Makoto and Morikawa, Hiroyuki},
  title = 	 {Alleviating the Bias of Distantly Supervised Sentiment Classification},
  OPTcrossref =  {},
  OPTkey = 	 {},
  booktitle =	 IEICEJ_ST,
  pages = 	 {1},
  year = 	 {2013},
  OPTeditor = 	 {},
  OPTvolume = 	 {},
  OPTnumber = 	 {},
  OPTseries = 	 {},
  OPTaddress = 	 {},
  month = 	 mar,
  OPTorganization = {},
  OPTpublisher =	 {},
  note = 	 {B-7-46},
  url =		 {https://www.ieice.org/jpn/event/program/2013G/Settings/ab/b_07_046.html},
  OPTannote = 	 {}
}

@Article{mlab/ishida13:wake-up_ieice_trans,
  author = 	 {石田 繁巳 and 瀧口 貴啓 and 猿渡 俊介 and 森川 博之},
  title = 	 {ワイヤレスハーネスのための2進{MDS-ID}マッチング型ウェイクアップ通信},
  journal = 	 IEICEJ_J_B,
  year = 	 {2013},
  OPTkey = 	 {},
  volume = 	 {J96-B},
  number = 	 {6},
  pages = 	 {615--630},
  month = 	 jun,
  OPTnote = 	 {},
  OPTannote = 	 {}
}

@InProceedings{mlab/liujinzhi13:ipsn_poster,
  author = 	 {Liu, Jinzhi and Suzuki, Makoto and Lee, Doohwan and Ishida, Shigemi and Morikawa, Hiroyuki},
  title = 	 {Poster Abstract: Token-Scheduled High Throughput Data Collection with Topology Adaptability in Wireless Sensor Network},
  OPTcrossref =  {},
  OPTkey = 	 {},
  booktitle =	 ACM_DP_IPSN,
  pages = 	 {1--2},
  year = 	 {2013},
  OPTeditor = 	 {},
  OPTvolume = 	 {},
  OPTnumber = 	 {},
  OPTseries = 	 {},
  OPTaddress = 	 {Philadelphia, PA, USA},
  month = 	 apr,
  OPTorganization = {},
  OPTpublisher = {},
  OPTnote = 	 {},
  OPTannote = 	 {},
  doi = 	 {10.1145/2461381.2461439},
  url =		 {https://doi.org/10.1145/2461381.2461439}
}

@InProceedings{flab/izumi14:mona,
  author = 	 {和泉 晃 and 石田 繁巳 and 田頭 茂明 and 荒川 豊 and 福田 晃},
  title = 	 {アドホック測位ネットワークにおけるアプリケーションレス測位手法},
  OPTcrossref =  {},
  OPTkey = 	 {},
  booktitle =	 IEICEJ_T,
  pages = 	 {1--6},
  year = 	 {2014},
  OPTeditor = 	 {},
  OPTvolume = 	 {},
  OPTnumber = 	 {},
  OPTseries = 	 {},
  OPTaddress = 	 {},
  month = 	 jan,
  OPTorganization = {},
  OPTpublisher =	 {},
  note = 	 IEICEJ_T_MONA # "（MoNA2013-69）",
  OPTannote = 	 {},
  OPTnote = 	 {},
  OPTannote = 	 {}
}

@InProceedings{flab/takashima14:awpn_sogo,
  author = 	 {高嶋 瑶子 and 石田 繁巳 and 和泉 晃 and 田頭 茂明 and 荒川 豊 and 福田 晃},
  title = 	 {アドホック測位ネットワークにおける接続端末分散手法の初期的評価},
  OPTcrossref =  {},
  OPTkey = 	 {},
  booktitle =	 IEICEJ_ST,
  pages = 	 {1},
  year = 	 {2014},
  OPTeditor = 	 {},
  OPTvolume = 	 {},
  OPTnumber = 	 {},
  OPTseries = 	 {},
  OPTaddress = 	 {},
  month = 	 mar,
  OPTorganization = {},
  OPTpublisher =	 {},
  note = 	 {B-15-4},
  url =		 {https://www.ieice.org/jpn/event/program/2014G/Settings/ab/b_15_004.html},
  OPTannote = 	 {}
}

@InProceedings{flab/sonoda14:snfc_exp,
  author = 	 {園田 侑輝 and 中野 達彦 and 冨重 晃季 and 伊藤 晶 and 荒川 豊 and 田頭 茂明 and 石田 繁巳 and 福田 晃},
  title = 	 {スマート無線タグ{SNFC}を用いた位置に応じた情報提供システムの実証実験報告},
  OPTcrossref =  {},
  OPTkey = 	 {},
  booktitle =	 IEICEJ_T,
  pages = 	 {1--6},
  year = 	 {2014},
  OPTeditor = 	 {},
  OPTvolume = 	 {},
  OPTnumber = 	 {},
  OPTseries = 	 {},
  OPTaddress = 	 {},
  month = 	 mar,
  OPTorganization = {},
  OPTpublisher =	 {},
  note = 	 IEICEJ_T_NS # "（NS2013-220）",
  OPTannote = 	 {}
}

@Unpublished{flab/ishida14:coi_awpn,
  author = 	 {石田 繁巳},
  title = 	 {無線{LAN}を用いた屋内向け位置情報{Web}サービス},
  note = 	 {共進化社会システム創成拠点フォーラム, 口頭発表},
  OPTkey = 	 {},
  month = 	 mar,
  year = 	 {2014},
  OPTaddress =	 {},
  OPTannote = 	 {}
}

@InProceedings{flab/takashima14:asn_poster,
  author = 	 {高嶋 瑶子 and 石田 繁巳 and 田頭 茂明 and 福田 晃},
  title = 	 {アドホック測位ネットワークにおける接続端末分散手法の評価},
  OPTcrossref =  {},
  OPTkey = 	 {},
  booktitle =	 IEICEJ_T,
  pages = 	 {1--6},
  year = 	 {2014},
  OPTeditor = 	 {},
  OPTvolume = 	 {},
  OPTnumber = 	 {},
  OPTseries = 	 {},
  OPTaddress = 	 {},
  month = 	 may,
  OPTorganization = {},
  OPTpublisher =	 {},
  note = 	 IEICEJ_T_ASN # "（ASN2014-29）",
  OPTannote = 	 {}
}

@InProceedings{flab/hosoai14:iot_pbl,
  author = 	 {細合 晋太郎 and 石田 繁巳 and 亀井 靖高 and 大迫 周平 and 井垣 宏 and 鵜林 尚靖 and 福田 晃},
  title = 	 {{IoT}システムを題材とした{PBL}の導入提案},
  OPTcrossref =  {},
  OPTkey = 	 {},
  booktitle =	 IPSJJ_T_,
  pages = 	 {1--6},
  year = 	 {2014},
  OPTeditor = 	 {},
  OPTvolume = 	 {},
  OPTnumber = 	 {},
  OPTseries = 	 {},
  OPTaddress = 	 {},
  month = 	 jul,
  OPTorganization = {},
  OPTpublisher =	 {},
  note = 	 IPSJJ_T_SE # "（2014-SE-185-7）",
  OPTannote = 	 {}
}

@InProceedings{flab/hosoai14:iot_pbl_analy,
  author = 	 {細合 晋太郎 and 石田 繁巳 and 亀井 靖高 and 大迫 周平 and 井垣 宏 and 鵜林 尚靖 and 福田 晃},
  title = 	 {{IoT}を題材とした{PBL}の実施と分析},
  OPTcrossref =  {},
  OPTkey = 	 {},
  booktitle =	 MISCJ_JSSST # " 第31回大会",
  pages = 	 {1--8},
  year = 	 {2014},
  OPTeditor = 	 {},
  OPTvolume = 	 {},
  OPTnumber = 	 {},
  OPTseries = 	 {},
  OPTaddress = 	 {},
  month = 	 sep,
  OPTorganization = {},
  OPTpublisher =	 {},
  note = 	 {rePiT1-3},
  OPTannote = 	 {}
}

@InProceedings{flab/ohsako14:pbl_analy,
  author = 	 {大迫 周平 and 孔 維強 and 亀井 靖高 and 細合 晋太郎 and 石田 繁巳 and 鵜林 尚靖 and 福田 晃},
  title = 	 {テキストマイニングによる{PBL}発表会評価アンケート傾向分析},
  OPTcrossref =  {},
  OPTkey = 	 {},
  booktitle =	 MISCJ_JSSST # " 第31回大会",
  pages = 	 {1--8},
  year = 	 {2014},
  OPTeditor = 	 {},
  OPTvolume = 	 {},
  OPTnumber = 	 {},
  OPTseries = 	 {},
  OPTaddress = 	 {},
  month = 	 sep,
  OPTorganization = {},
  OPTpublisher =	 {},
  note = 	 {rePiT4-2},
  OPTannote = 	 {}
}

@InProceedings{flab/tomishige14:prob-req_sotai,
  author = 	 {富重 晃季 and 石田 繁巳 and 田頭 茂明 and 福田 晃},
  title = 	 {{WiFi}端末の探索要求間隔を利用した混雑度推定に向けた初期的実験},
  OPTcrossref =  {},
  OPTkey = 	 {},
  booktitle =	 IEICEJ_SO,
  pages = 	 {1},
  year = 	 {2014},
  OPTeditor = 	 {},
  OPTvolume = 	 {},
  OPTnumber = 	 {},
  OPTseries = 	 {},
  OPTaddress = 	 {},
  month = 	 sep,
  OPTorganization = {},
  OPTpublisher =	 {},
  note = 	 {B-18-24},
  url =		 {https://www.ieice.org/jpn/event/program/2014S/Settings/ab/b_18_024.html},
  OPTannote = 	 {}
}

@InProceedings{flab/ishida14:ism-pwm_sotai,
  author = 	 {石田 繁巳 and 福田 晃},
  title = 	 {{ISM}バンドでの{PWM}通信に向けた直接スペクトラム拡散に関する一検討},
  OPTcrossref =  {},
  OPTkey = 	 {},
  booktitle =	 IEICEJ_SO,
  pages = 	 {1},
  year = 	 {2014},
  OPTeditor = 	 {},
  OPTvolume = 	 {},
  OPTnumber = 	 {},
  OPTseries = 	 {},
  OPTaddress = 	 {},
  month = 	 sep,
  OPTorganization = {},
  OPTpublisher =	 {},
  note = 	 {B-18-39},
  url =		 {https://www.ieice.org/jpn/event/program/2014S/Settings/ab/b_18_039.html},
  OPTannote = 	 {}
}

@InProceedings{flab/ishida14:awpn_uic,
  author = 	 {Ishida, Shigemi and Tomishige, Koki and Izumi, Akira and Tagashira, Shigeaki and Arakawa, Yutaka and Fukuda,  Akira},
  title = 	 {Implementation of On-Demand Indoor Location-based Service using Ad-Hoc Wireless Positioning Network},
  OPTcrossref =  {},
  OPTkey = 	 {},
  booktitle =	 IEEE_P_UIC,
  pages = 	 {34--41},
  year = 	 {2014},
  OPTeditor = 	 {},
  OPTvolume = 	 {},
  OPTnumber = 	 {},
  OPTseries = 	 {},
  OPTaddress = 	 {Bali, Indonesia},
  month = 	 dec,
  OPTorganization = {},
  OPTpublisher = 	 {},
  note = {UIC-116},
  OPTannote = 	 {},
  url =		 {https://doi.org/10.1109/UIC-ATC-ScalCom.2014.96},
  doi =		 {10.1109/UIC-ATC-ScalCom.2014.96}
}

@InProceedings{flab/ohsako14:pbl_sigse,
  author = 	 {大迫 周平 and 亀井 靖高 and 細合 晋太郎 and 石田 繁巳 and 鵜林 尚靖 and 福田 晃},
  title = 	 {テキストマイニングを用いた価値創造教育カリキュラムの効果分析},
  OPTcrossref =  {},
  OPTkey = 	 {},
  booktitle =	 IPSJJ_T_,
  pages = 	 {1--8},
  year = 	 {2014},
  OPTeditor = 	 {},
  OPTvolume = 	 {},
  OPTnumber = 	 {},
  OPTseries = 	 {},
  OPTaddress = 	 {},
  month = 	 nov,
  OPTorganization = {},
  OPTpublisher =	 {},
  note = 	 IPSJJ_T_SE # "（2014-SE-186-8）",
  OPTannote = 	 {}
}

@InProceedings{flab/ishida15:asn_cpsloc,
  author = 	 {石田 繁巳 and 田頭 茂明 and 福田 晃},
  title = 	 {オンデマンド位置情報システムに向けた分散測位システムの通信量評価},
  OPTcrossref =  {},
  OPTkey = 	 {},
  booktitle =	 IEICEJ_T,
  pages = 	 {169--174},
  year = 	 {2015},
  OPTeditor = 	 {},
  OPTvolume = 	 {114},
  OPTnumber = 	 {418},
  OPTseries = 	 {},
  OPTaddress = 	 {},
  month = 	 jan,
  OPTorganization = {},
  OPTpublisher =	 {},
  note = 	 IEICEJ_T_ASN # "（ASN2014-141）",
  OPTannote = 	 {}
}

@InProceedings{flab/tomishige15:hotmobile_demo,
  author = 	 {Tomishige, Koki and Ishida, Shigemi and Tagashira, Shigeaki and Fukuda, Akira},
  title = 	 {Toward sensor localization using {WiFi-AP} anchors: realtime {AP-RSS} monitoring using sensor nodes},
  OPTcrossref =  {},
  OPTkey = 	 {},
  booktitle =	 ACM_D_HOTMOBILE,
  pages = 	 {1},
  year = 	 {2015},
  OPTeditor = 	 {},
  OPTvolume = 	 {},
  OPTnumber = 	 {},
  OPTseries = 	 {},
  OPTaddress = 	 {Santa Fe, NM},
  month = 	 feb,
  OPTorganization = {},
  OPTpublisher = {},
  OPTnote = 	 {},
  OPTannote = 	 {}
}

@InProceedings{flab/tomishige15:zigloc_in,
  author = 	 {富重 晃季 and 石田 繁巳 and 田頭 茂明 and 福田 晃},
  title = 	 {無線{LAN} {AP}を用いたセンサノードの測位に向けた電波減衰モデル構築実験},
  OPTcrossref =  {},
  OPTkey = 	 {},
  booktitle =	 IEICEJ_T,
  pages = 	 {1--6},
  year = 	 {2015},
  OPTeditor = 	 {},
  OPTvolume = 	 {},
  OPTnumber = 	 {},
  OPTseries = 	 {},
  OPTaddress = 	 {},
  month =	 mar,
  OPTorganization = {},
  OPTpublisher =	 {},
  note = 	 IEICEJ_T_IN # "（IN2014-147）",
  OPTannote = 	 {}
}

@InProceedings{flab/saeki15:aacts_in,
  author = 	 {佐伯 良光 and 石田 繁巳 and 田頭 茂明 and 福田 晃},
  title = 	 {{WLAN}と{ZigBee}の共存に向けた{AP}-Assisted {CTS}-Blockingの評価},
  OPTcrossref =  {},
  OPTkey = 	 {},
  booktitle =	 IEICEJ_T,
  pages = 	 {1--6},
  year = 	 {2015},
  OPTeditor = 	 {},
  OPTvolume = 	 {},
  OPTnumber = 	 {},
  OPTseries = 	 {},
  OPTaddress = 	 {},
  month =	 mar,
  OPTorganization = {},
  OPTpublisher =	 {},
  note = 	 IEICEJ_T_IN # "（IN2014-154）",
  OPTannote = 	 {}
}

@InProceedings{flab/saeki15:aacts_sogo,
  author = 	 {佐伯 良光 and 石田 繁巳 and 田頭 茂明 and 福田 晃},
  title = 	 {{WLAN}と{ZigBee}の共存に向けた{AP}-Assisted {CTS}-Blockingの初期的評価},
  OPTcrossref =  {},
  OPTkey = 	 {},
  booktitle =	 IEICEJ_ST,
  pages = 	 {1},
  year = 	 {2015},
  OPTeditor = 	 {},
  OPTvolume = 	 {},
  OPTnumber = 	 {},
  OPTseries = 	 {},
  OPTaddress = 	 {},
  month = 	 mar,
  OPTorganization = {},
  OPTpublisher =	 {},
  note = 	 {B-15-4},
  url =		 {https://www.ieice.org/jpn/event/program/2015G/Settings/ab/b_18_004.html},
  OPTannote = 	 {}
}

@Unpublished{flab/ishida15:cps,
  author = 	 {石田 繁巳},
  title = 	 {無線{LAN} {AP}を使ったセンサノード測位: Work in Progress},
  note = 	 {CPS-IIP研究会, 口頭発表},
  OPTkey = 	 {},
  month = 	 feb,
  year = 	 {2015},
  OPTaddress =	 {},
  OPTannote = 	 {}
}

@InProceedings{flab/kousaku15:dicomo,
  author = 	 {泉 幸作 and 石田 繁巳 and 田頭 茂明 and 福田 晃},
  title = 	 {{WiFi} {AP}を用いたセンサノード測位に向けた{RSS}観測手法},
  OPTcrossref =  {},
  OPTkey = 	 {},
  booktitle =	 IPSJJ_P_DICOMO,
  year = 	 {2015},
  OPTeditor = 	 {},
  OPTvolume = 	 {},
  OPTnumber = 	 {},
  OPTseries = 	 {},
  pages = 	 {843--848},
  month = 	 jul,
  OPTaddress = 	 {},
  OPTorganization = {},
  OPTpublisher = {},
  OPTnote = 	 {},
  annote = 	 {（優秀論文賞）}
}

@InProceedings{flab/ishida15:icess,
  author = 	 {Ishida, Shigemi and Tagashira, Shigeaki and Arakawa, Yutaka and Fukuda, Akira},
  title = 	 {On-Demand Indoor Location-based Service using Ad-Hoc Wireless Positioning Network},
  OPTcrossref =  {},
  OPTkey = 	 {},
  booktitle =	 IEEE_P_ICESS,
  year = 	 {2015},
  OPTeditor = 	 {},
  OPTvolume = 	 {},
  OPTnumber = 	 {},
  OPTseries = 	 {},
  pages = 	 {1005--1013},
  month = 	 aug,
  OPTaddress = 	 {New York, NY},
  OPTorganization = {},
  OPTpublisher = {},
  OPTnote = 	 {},
  OPTannote = 	 {},
  url =		 {https://doi.org/10.1109/HPCC-CSS-ICESS.2015.111},
  doi =		 {10.1109/HPCC-CSS-ICESS.2015.111}
}

@InProceedings{flab/furusho15:esa,
  author = 	 {Furusho, Hiroki and Hisazumi, Kenji and Kamiyama, Takeshi and Inamura, Hiroshi and Ishida, Shigemi and Fukuda, Akira},
  title = 	 {A Visualization Method of Inter-Module Communications for Profiling Energy Consumption of Android Applications},
  OPTcrossref =  {},
  OPTkey = 	 {},
  booktitle =	 MISC_P_ESA,
  year = 	 {2015},
  OPTeditor = 	 {},
  OPTvolume = 	 {},
  OPTnumber = 	 {},
  OPTseries = 	 {},
  pages = 	 {71--75},
  month = 	 jul,
  OPTaddress = 	 {Las Vegas, NV},
  OPTorganization = {},
  OPTpublisher = {},
  OPTnote = 	 {},
  OPTannote = 	 {}
}

@InProceedings{flab/ishida15:vtc-fall,
  author = 	 {Ishida, Shigemi and Izumi, Kousaku and Tagashira, Shigeaki and Fukuda, Akira},
  title = 	 {{WiFi} {AP}-{RSS} Monitoring using Sensor Nodes toward Anchor-Free Sensor Localization},
  OPTcrossref =  {},
  OPTkey = 	 {},
  booktitle =	 IEEE_P_VTC # " (VTC-Fall)",
  year = 	 {2015},
  OPTeditor = 	 {},
  OPTvolume = 	 {},
  OPTnumber = 	 {},
  OPTseries = 	 {},
  pages = 	 {1--5},
  month = 	 sep,
  OPTaddress = 	 {Boston, MA},
  OPTorganization = {},
  OPTpublisher = {},
  OPTnote = 	 {},
  OPTannote = 	 {},
  url =		 {https://doi.org/10.1109/VTCFall.2015.7391191},
  doi =		 {10.1109/VTCFall.2015.7391191}
}

@InProceedings{flab/hatayama15:tencon,
  author = 	 {Hatayama, Kazuki and Hisazumi, Kenji and Yoshise, Kana and Ishida, Shigemi and Fukuda, Akira},
  title = 	 {Design of {GUI}-Component Energy Profiler for Android Applications},
  OPTcrossref =  {},
  OPTkey = 	 {},
  booktitle =	 IEEE_P_TENCON,
  year = 	 {2015},
  OPTeditor = 	 {},
  OPTvolume = 	 {},
  OPTnumber = 	 {},
  OPTseries = 	 {},
  pages = 	 {1--4},
  month = 	 nov,
  OPTaddress = 	 {Macau},
  OPTorganization = {},
  OPTpublisher = {},
  OPTnote = 	 {},
  OPTannote = 	 {},
  doi =		 {10.1109/TENCON.2015.7372762},
  url =		 {https://doi.org/10.1109/TENCON.2015.7372762}
}

@InProceedings{flab/kousaku15:candar,
  author = 	 {Izumi, Kousaku and Ishida, Shigemi and Tagashira, Shigeaki and Fukuda, Akira},
  title = 	 {Design of {WiFi} {AP}-{RSS} Monitoring System using Sensor Nodes},
  OPTcrossref =  {},
  OPTkey = 	 {},
  booktitle =	 IPSJ_P_CANDAR,
  year = 	 {2015},
  OPTeditor = 	 {},
  OPTvolume = 	 {},
  OPTnumber = 	 {},
  OPTseries = 	 {},
  pages = 	 {115--121},
  month = 	 dec,
  OPTaddress = 	 {Sapporo, Japan},
  OPTorganization = {},
  OPTpublisher = {},
  OPTnote = 	 {},
  OPTannote = 	 {},
  url =		 {https://doi.org/10.1109/CANDAR.2015.54},
  doi =		 {10.1109/CANDAR.2015.54}
}

@InProceedings{flab/ishida15:candar,
  author = 	 {Ishida, Shigemi and Tagashira, Shigeaki and Fukuda, Akira},
  title = 	 {{AP}-Assisted {CTS}-Blocking for {WiFi}-{ZigBee} Coexistence},
  OPTcrossref =  {},
  OPTkey = 	 {},
  booktitle =	 IPSJ_P_CANDAR,
  year = 	 {2015},
  OPTeditor = 	 {},
  OPTvolume = 	 {},
  OPTnumber = 	 {},
  OPTseries = 	 {},
  pages = 	 {110--114},
  month = 	 dec,
  OPTaddress = 	 {Sapporo, Japan},
  OPTorganization = {},
  OPTpublisher = {},
  OPTnote = 	 {},
  OPTannote = 	 {},
  url =		 {https://doi.org/10.1109/CANDAR.2015.16},
  doi =		 {10.1109/CANDAR.2015.16}
}

@InProceedings{flab/hosoai15:iot_pbl_ess,
  author = 	 {細合 晋太郎 and 石田 繁巳 and 亀井 靖高 and 鵜林 尚靖 and 福田 晃},
  title = 	 {自律走行ロボットを用いた{IoT}開発{PBL}に向けた教材開発},
  OPTcrossref =  {},
  OPTkey = 	 {},
  booktitle =	 IPSJJ_P_ESS,
  year = 	 {2015},
  OPTeditor = 	 {},
  OPTvolume = 	 {},
  OPTnumber = 	 {},
  OPTseries = 	 {},
  pages = 	 {40--45},
  month = 	 oct,
  OPTaddress = 	 {},
  OPTorganization = {},
  OPTpublisher = {},
  OPTnote = 	 {},
  OPTannote = 	 {}
}

@Unpublished{flab/hashimoto15:singapore,
  author = 	 {Hashimoto, Naoyu and Izumi, Kousaku and Ishida, Shigemi and Tagashira, Shigeaki and Fukuda, Akira},
  title = 	 {Proposal of Coarse Localization Method for Anchor-free Sensor Localization using {WiFi} {APs}},
  note = 	 {Singapore-Japan Joint Workshop on Ambient Intelligence and Sensor Networks, oral presentation},
  OPTkey = 	 {},
  month = 	 dec,
  year = 	 {2015},
  OPTaddress =	 {Singapore},
  OPTannote = 	 {}
}

@Unpublished{flab/kousaku15:singapore,
  author = 	 {Izumi, Kousaku and Ishida, Shigemi and Tagashira, Shigeaki and Fukuda, Akira},
  title = 	 {Proposal of Instant Sensor Localization System using {WiFi} {APs}},
  note = 	 {Singapore-Japan Joint Workshop on Ambient Intelligence and Sensor Networks, oral presentation},
  OPTkey = 	 {},
  month = 	 dec,
  year = 	 {2015},
  OPTaddress =	 {Singapore},
  OPTannote = 	 {}
}

@Unpublished{flab/mimura15:singapore,
  author = 	 {Mimura, Kohei and Liu, Song and Ishida, Shigemi and Tagashira, Shigeaki and Fukuda, Akira},
  title = 	 {Proposal of Simple and Accurate Vehicle Counting System using Road-side Microphone Array},
  note = 	 {Singapore-Japan Joint Workshop on Ambient Intelligence and Sensor Networks, oral presentation},
  OPTkey = 	 {},
  month = 	 dec,
  year = 	 {2015},
  OPTaddress =	 {Singapore},
  OPTannote = 	 {}
}

@InProceedings{flab/ryu16:its_sogo,
  author = 	 {Liu, Song and Ishida, Shigemi and Mimura, Kohei and Tagashira, Shigeaki and Fukuda, Akira},
  title = 	 {Initial Evaluation of Acoustic Vehicle Count System utilizing Dynamic Time Warping},
  OPTcrossref =  {},
  OPTkey = 	 {},
  booktitle =	 IEICEJ_ST,
  year = 	 {2016},
  OPTeditor = 	 {},
  OPTvolume = 	 {},
  OPTnumber = 	 {},
  OPTseries = 	 {},
  pages = 	 {1--2},
  month = 	 mar,
  OPTaddress = 	 {},
  OPTorganization = {},
  OPTpublisher =	 {},
  note = 	 {BS-3-44},
  url =		 {https://www.ieice.org/jpn/event/program/2016G/Settings/ab/bs_03_044.html},
  OPTannote = 	 {}
}

@InProceedings{flab/ryu16:its_sogo_en,
  author = 	 {Liu, Song and Ishida, Shigemi and Mimura, Kohei and Tagashira, Shigeaki and Fukuda, Akira},
  title = 	 {Initial Evaluation of Acoustic Vehicle Count System utilizing Dynamic Time Warping},
  OPTcrossref =  {},
  OPTkey = 	 {},
  booktitle =	 IEICEJ_ST_E,
  year = 	 {2016},
  OPTeditor = 	 {},
  OPTvolume = 	 {},
  OPTnumber = 	 {},
  OPTseries = 	 {},
  pages = 	 {1--2},
  month = 	 mar,
  OPTaddress = 	 {},
  OPTorganization = {},
  OPTpublisher =	 {},
  note = 	 {BS-3-44},
  url =		 {https://www.ieice.org/jpn/event/program/2016G/Settings/ab/bs_03_044.html},
  OPTannote = 	 {}
}

@InProceedings{flab/mimura16:its_asn,
  author = 	 {三村 晃平 and 劉 嵩 and 石田 繁巳 and 田頭 茂明 and 福田 晃},
  title = 	 {路側設置マイクロフォンを用いた車両カウントシステムの設計と初期的評価},
  OPTcrossref =  {},
  OPTkey = 	 {},
  booktitle =	 IEICEJ_T,
  year = 	 {2016},
  OPTeditor = 	 {},
  OPTvolume = 	 {115},
  OPTnumber = 	 {437},
  OPTseries = 	 {},
  pages = 	 {111--116},
  month = 	 jan,
  OPTaddress = 	 {},
  OPTorganization = {},
  OPTpublisher =	 {},
  note = 	 IEICEJ_T_ASN # "（ASN2015-98）",
  OPTannote = 	 {}
}

@InProceedings{flab/ishida16:dtw_ipsj_its,
  author = 	 {石田 繁巳 and 劉 嵩 and 三村 晃平 and 田頭 茂明 and 福田 晃},
  title = 	 {Dynamic Time Warpingを用いた路側設置マイクロフォンによる車両カウントシステムの設計と初期的評価},
  OPTcrossref =  {},
  OPTkey = 	 {},
  booktitle =	 IPSJJ_T_,
  year = 	 {2016},
  OPTeditor = 	 {},
  OPTvolume = 	 {2016-ITS-64},
  OPTnumber = 	 {6},
  OPTseries = 	 {},
  pages = 	 {1--6},
  month = 	 mar,
  OPTaddress = 	 {},
  OPTorganization = {},
  OPTpublisher =	 {},
  note = 	 IPSJJ_T_ITS2 # "（ITS-64-6）",
  annote = 	 {（優秀論文賞）},
  url =		 {http://id.nii.ac.jp/1001/00157908/}
}

@Unpublished{flab/ishida16:smart-mobility-symp,
  author = 	 {石田 繁巳},
  title = 	 {{ITS}に向けた路上センシング},
  note = 	 {持続可能なスマートモビリティ情報基盤プラットフォーム・シンポジウム},
  OPTkey = 	 {},
  month = 	 mar,
  year = 	 {2016},
  OPTaddress =	 {},
  OPTannote = 	 {}
}

@InProceedings{flab/ishida16:its-eu,
  author = 	 {Ishida, Shigemi and Mimura, Kouhei and Liu, Song and Tagashira, Shigeaki and Fukuda, Akira},
  title = 	 {Design of Simple Vehicle Counter using Sidewalk Microphones},
  OPTcrossref =  {},
  OPTkey = 	 {},
  booktitle =	 MISC_P_ITSEUC,
  year = 	 {2016},
  OPTeditor = 	 {},
  OPTvolume = 	 {},
  OPTnumber = 	 {},
  OPTseries = 	 {},
  pages = 	 {1--10},
  month =	 jun,
  OPTaddress = 	 {Glasgow, Scotland},
  OPTorganization = {},
  OPTpublisher =	 {},
  note = 	 {EU-TP0042},
  OPTannote = 	 {}
}

@InProceedings{flab/ishida16:its-world,
  author = 	 {Ishida, Shigemi and Liu, Song and Mimura, Kouhei and Tagashira, Shigeaki and Fukuda, Akira},
  title = 	 {Design of Acoustic Vehicle Count System using {DTW}},
  OPTcrossref =  {},
  OPTkey = 	 {},
  booktitle =	 MISC_P_ITSWC,
  year = 	 {2016},
  OPTeditor = 	 {},
  OPTvolume = 	 {},
  OPTnumber = 	 {},
  OPTseries = 	 {},
  pages = 	 {1--10},
  month = 	 oct,
  OPTaddress = 	 {Melbourne, Australia},
  OPTorganization = {},
  OPTpublisher =	 {},
  note = 	 {AP-TP0678},
  OPTannote = 	 {}
}

@InProceedings{flab/ishida16:dicomo,
  author = 	 {石田 繁巳 and 泉 幸作 and 國廣 陽介 and 田頭 茂明 and 福田 晃},
  title = 	 {{WiFi} {AP}を用いたセンサノード測位に向けた{WiFi}送信チャネル推定手法の設計},
  OPTcrossref =  {},
  OPTkey = 	 {},
  booktitle =	 IPSJJ_P_DICOMO,
  year = 	 {2016},
  OPTeditor = 	 {},
  OPTvolume = 	 {},
  OPTnumber = 	 {},
  OPTseries = 	 {},
  pages = 	 {1741--1747},
  month = 	 jul,
  OPTaddress = 	 {},
  OPTorganization = {},
  OPTpublisher = {},
  OPTnote = 	 {},
  annote = 	 {（最優秀論文賞, 優秀プレゼンテーション賞）},
  url =		 {http://id.nii.ac.jp/1001/00177322/}
}

@InProceedings{flab/ishida16:iiai_aai_eskm,
  author = 	 {Ishida, Shigemi and Takashima, Yoko and Tagashira, Shigeaki and Fukuda, Akira},
  title = 	 {Proposal of Separate Channel Fingerprinting Using {Bluetooth} {Low} {Energy}},
  OPTcrossref =  {},
  OPTkey = 	 {},
  booktitle =	 MISC_P_IIAI_AAI_ESKM,
  year = 	 {2016},
  OPTeditor = 	 {},
  OPTvolume = 	 {},
  OPTnumber = 	 {},
  OPTseries = 	 {},
  pages = 	 {230--233},
  month = 	 jul,
  OPTaddress = 	 {Kumamoto, Japan},
  OPTorganization = {},
  OPTpublisher = {},
  OPTnote = 	 {},
  doi =		 {10.1109/IIAI-AAI.2016.22},
  url =		 {https://doi.org/10.1109/IIAI-AAI.2016.22},
  annote = 	 {(Honorable mention award)}
}

@InProceedings{flab/fukuda16:iiai_aai_eskm,
  author = 	 {Fukuda, Akira and Nakanishi, Tsuneo and Kenji, Hisazumi and Tagashira, Shigeaki and Arakawa, Yutaka and Ishida, Shigemi and Mine, Tsunenori and Kaneko, Kunihiko and Furusho, Hiroki and Kong,Weiqiang},
  title = 	 {Towards Sustainable Information Infrastructure Platform for Smart Mobility -- Project Overview},
  OPTcrossref =  {},
  OPTkey = 	 {},
  booktitle =	 MISC_P_IIAI_AAI_ESKM,
  year = 	 {2016},
  OPTeditor = 	 {},
  OPTvolume = 	 {},
  OPTnumber = 	 {},
  OPTseries = 	 {},
  pages = 	 {211--214},
  month = 	 jul,
  OPTaddress = 	 {Kumamoto, Japan},
  OPTorganization = {},
  OPTpublisher = {},
  OPTnote = 	 {},
  OPTannote = 	 {},
  url =		 {https://doi.org/10.1109/IIAI-AAI.2016.110},
  doi =		 {10.1109/IIAI-AAI.2016.110}
}

@InProceedings{flab/wada16:iiai_aai_eskm,
  author = 	 {Wada, Ryoya and Tagashira, Shigeaki and Ogino, Masaki and Ishida, Shigemi and Fukuda Akira},
  title = 	 {A Privacy-Aware User Tracking System Using Footprint Data Measured Across Multiple Pressure Sensor Sheets},
  OPTcrossref =  {},
  OPTkey = 	 {},
  booktitle =	 MISC_P_IIAI_AAI_ESKM,
  year = 	 {2016},
  OPTeditor = 	 {},
  OPTvolume = 	 {},
  OPTnumber = 	 {},
  OPTseries = 	 {},
  pages = 	 {240--243},
  month = 	 jul,
  OPTaddress = 	 {Kumamoto, Japan},
  OPTorganization = {},
  OPTpublisher = {},
  OPTnote = 	 {},
  OPTannote = 	 {},
  url =		 {https://doi.org/10.1109/IIAI-AAI.2016.211},
  doi =		 {10.1109/IIAI-AAI.2016.211}
}

@InProceedings{flab/wada16:ieee_ica_ssmp,
  author = 	 {Wada, Ryoya and Tagashira, Shigeaki and Ogino, Masaki and Ishida, Shigemi and Fukuda Akira},
  title = 	 {A Footprint Matching Method for Walking Users in Privacy-aware User Tracking System Using Pressure Sensor Sheets},
  OPTcrossref =  {},
  OPTkey = 	 {},
  booktitle =	 IEEE_P_ICA # ", Workshop of Sustainable Smart Mobility Platform (SSMP)",
  year = 	 {2016},
  OPTeditor = 	 {},
  OPTvolume = 	 {},
  OPTnumber = 	 {},
  OPTseries = 	 {},
  pages = 	 {142--145},
  month = 	 sep,
  OPTaddress = 	 {Shimane, Japan},
  OPTorganization = {},
  OPTpublisher = {},
  OPTnote = 	 {},
  OPTannote = 	 {},
  url =		 {https://doi.org/10.1109/ICA.2016.049},
  doi =		 {10.1109/ICA.2016.049}
}

@InProceedings{flab/ishida16:zigloc_icmu,
  author = 	 {Ishida, Shigemi and Kunihiro, Yosuke and Izumi, Kousaku and Tagashira, Shigeaki and Fukuda, Akira},
  title = 	 {Design of {WiFi}-{AP} Operating Channel Estimation Scheme for Sensor Node},
  OPTcrossref =  {},
  OPTkey = 	 {},
  booktitle =	 IPSJ_P_ICMU,
  year = 	 {2016},
  OPTeditor = 	 {},
  OPTvolume = 	 {},
  OPTnumber = 	 {},
  OPTseries = 	 {},
  pages = 	 {13--18},
  month = 	 oct,
  OPTaddress = 	 {Kaiserslautern, Germany},
  OPTorganization = {},
  OPTpublisher = {},
  OPTnote = 	 {},
  annote = 	 {(Best paper award)},
  url =		 {https://doi.org/10.1109/ICMU.2016.7742084},
  doi =		 {10.1109/ICMU.2016.7742084}
}

@InProceedings{flab/wada16:mona,
  author = 	 {和田 瞭也 and 田頭 茂明 and 荻野 正樹 and 石田 繁巳 and 福田 晃},
  title = 	 {プライバシー保護を考慮した足跡によるユーザトラッキングシステムの歩行者に対する性能評価},
  OPTcrossref =  {},
  OPTkey = 	 {},
  booktitle =	 IEICEJ_T,
  year = 	 {2016},
  OPTeditor = 	 {},
  OPTvolume = 	 {116},
  OPTnumber = 	 {171},
  OPTseries = 	 {},
  pages = 	 {65--69},
  month = 	 aug,
  OPTaddress = 	 {},
  OPTorganization = {},
  OPTpublisher =	 {},
  note = 	 IEICEJ_T_MONA # "（MoNA2016-19）",
  OPTannote = 	 {}
}


@InProceedings{flab/ishida16:mona,
  author = 	 {石田 繁巳 and 梶村 順平 and 田頭 茂明 and 福田 晃},
  title = 	 {アドホック測位ネットワークにおけるアドレス変換を用いた負荷分散手法の初期的評価},
  OPTcrossref =  {},
  OPTkey = 	 {},
  booktitle =	 IEICEJ_T,
  year = 	 {2016},
  OPTeditor = 	 {},
  OPTvolume = 	 {},
  OPTnumber = 	 {},
  OPTseries = 	 {},
  pages = 	 {35--40},
  month = 	 aug,
  OPTaddress = 	 {},
  OPTorganization = {},
  OPTpublisher =	 {},
  note = 	 IEICEJ_T_MONA # "（MoNA2016-13）",
  OPTannote = 	 {}
}

@Article{flab/ishida17:ipsjj_its-count,
  author = 	 {石田 繁巳 and 三村 晃平 and 劉 嵩 and 田頭 茂明 and 福田 晃},
  title = 	 {路側設置マイクロフォンによる車両カウントシステム},
  journal = 	 IPSJJ_J,
  year = 	 {2017},
  OPTkey = 	 {},
  volume = 	 {58},
  number = 	 {1},
  pages = 	 {89--98},
  month = 	 jan,
  OPTnote = 	 {},
  OPTannote = 	 {},
  url =		 {http://id.nii.ac.jp/1001/00176875/}
}

@Article{flab/ishida17:ipsjj_zigloc-ch-est,
  author = 	 {石田 繁巳 and 泉 幸作 and 國廣 陽介 and 田頭 茂明 and 福田 晃},
  title = 	 {{WiFi} {AP}を用いたセンサ測位に向けた{WiFi} {AP}動作チャネル推定手法},
  journal = 	 IPSJJ_J,
  year = 	 {2017},
  OPTkey = 	 {},
  volume = 	 {58},
  number = 	 {1},
  pages = 	 {225--236},
  month = 	 jan,
  OPTnote = 	 {},
  OPTannote = 	 {},
  url =		 {http://id.nii.ac.jp/1001/00176890/}
}

@InProceedings{flab/ryu16:e-soundmap-ns,
  author = 	 {Liu, Song and Ishida, Shigemi and Tagashira, Shigeaki and Fukuda, Akira},
  title = 	 {[Encouragement Talk] Enhanced Sound Mapping for Successive Vehicle Detection in Acoustic Vehicle Count System},
  OPTcrossref =  {},
  OPTkey = 	 {},
  booktitle =	 IEICEJ_T_E,
  year = 	 {2016},
  OPTeditor = 	 {},
  OPTvolume = 	 {116},
  OPTnumber = 	 {256},
  OPTseries = 	 {},
  pages = 	 {1--6},
  month = 	 oct,
  OPTaddress = 	 {},
  OPTorganization = {},
  OPTpublisher =	 {},
  note = 	 IEICEJ_T_NS_E # "（NS2016-88）",
  OPTannote = 	 {}
}

@InProceedings{flab/kajimura16:cps-dist_isip,
  author = 	 {Kajimura, Jumpei and Ishida, Shigemi and Tagashira, Shigeaki and Fukuda, Akira},
  title = 	 {Design of Distributed Calculation Scheme using Network Address Translation for Ad-hoc Wireless Positioning Network},
  OPTcrossref =  {},
  OPTkey = 	 {},
  booktitle =	 MISC_P_ISIP,
  year = 	 {2016},
  OPTeditor = 	 {},
  OPTvolume = 	 {},
  OPTnumber = 	 {},
  OPTseries = 	 {},
  pages = 	 {1},
  month = 	 nov,
  OPTaddress = 	 {Lyon, France},
  OPTorganization = {},
  OPTpublisher = {},
  OPTnote = 	 {},
  OPTannote = 	 {}
}

@InProceedings{flab/kousaku17:zigloc_design,
  author = 	 {泉 幸作 and 山本 貴宏 and 石田 繁巳 and 田頭 茂明 and 福田 晃},
  title = 	 {基準ノード不要のセンサ測位システム{ZigLoc}の設計},
  OPTcrossref =  {},
  OPTkey = 	 {},
  booktitle =	 IEICEJ_T,
  year = 	 {2017},
  OPTeditor = 	 {},
  OPTvolume = 	 {116},
  OPTnumber = 	 {508},
  OPTseries = 	 {},
  pages = 	 {275--280},
  month = 	 mar,
  OPTaddress = 	 {},
  OPTorganization = {},
  OPTpublisher =	 {},
  note = 	 IEICEJ_T_MONA # "（MoNA2016-44）",
  OPTannote = 	 {}
}

@InProceedings{flab/ishida17:hotmobile_poster,
  author = 	 {Ishida, Shigemi and Izumi, Kousaku and Yamamoto, Takahiro and Tagashira, Shigeaki and Fukuda, Akira},
  title = 	 {Initial Evaluation of {ZigLoc}: Anchor-Free Sensor Localization System using {WiFi} Fingerprints},
  OPTcrossref =  {},
  OPTkey = 	 {},
  booktitle =	 ACM_PO_HOTMOBILE,
  pages = 	 {1},
  year = 	 {2017},
  OPTeditor = 	 {},
  OPTvolume = 	 {},
  OPTnumber = 	 {},
  OPTseries = 	 {},
  OPTaddress = 	 {Sonoma, CA},
  month = 	 feb,
  OPTorganization = {},
  OPTpublisher = {},
  OPTnote = 	 {},
  OPTannote = 	 {}
}

@InProceedings{flab/yamamoto17:zigswitch_sogo,
  author = 	 {山本 貴宏 and 石田 繁巳 and 田頭 茂明 and 福田 晃},
  title = 	 {{WiFi}干渉回避システム{ZigSwitch}に向けた{ZigBee}チャネル相関性の初期的評価},
  OPTcrossref =  {},
  OPTkey = 	 {},
  booktitle =	 IEICEJ_ST,
  pages = 	 {1},
  year = 	 {2017},
  OPTeditor = 	 {},
  OPTvolume = 	 {},
  OPTnumber = 	 {},
  OPTseries = 	 {},
  OPTaddress = 	 {},
  month = 	 mar,
  OPTorganization = {},
  OPTpublisher =	 {},
  note = 	 {B-15-16},
  url =		 {https://www.ieice.org/jpn/event/program/2017G/Settings/ab/b_15_016.html},
  OPTannote = 	 {}
}

@InProceedings{flab/ishida17:its_sogo,
  author = 	 {石田 繁巳},
  title = 	 {スマートモビリティのための低コスト車両センシングの実現に向けて},
  OPTcrossref =  {},
  OPTkey = 	 {},
  booktitle =	 IEICEJ_ST,
  pages = 	 {1--3},
  year = 	 {2017},
  OPTeditor = 	 {},
  OPTvolume = 	 {},
  OPTnumber = 	 {},
  OPTseries = 	 {},
  OPTaddress = 	 {},
  month = 	 mar,
  OPTorganization = {},
  OPTpublisher =	 {},
  note = 	 {DK-2-5},
  url =		 {https://www.ieice.org/jpn/event/program/2017G/Settings/ab/dk_02_005.html},
  OPTannote = 	 {}
}

@InProceedings{flab/fukuda17:its_sogo,
  author = 	 {福田 晃 and 峯 恒憲 and 久住 憲嗣 and 石田 繁巳 and 安藤 崇央 and 中西 恒夫 and 古庄 裕貴 and 田頭 茂明 and 荒川 豊 and 金子 邦彦 and 孔 維強 and 李 国強},
  title = 	 {持続可能なスマートモビリティ向け情報基盤プラットフォームに向けて --プロジェクト概要--},
  OPTcrossref =  {},
  OPTkey = 	 {},
  booktitle =	 IEICEJ_ST,
  pages = 	 {1--2},
  year = 	 {2017},
  OPTeditor = 	 {},
  OPTvolume = 	 {},
  OPTnumber = 	 {},
  OPTseries = 	 {},
  OPTaddress = 	 {},
  month = 	 mar,
  OPTorganization = {},
  OPTpublisher =	 {},
  note = 	 {DK-2-1},
  url =		 {https://www.ieice.org/jpn/event/program/2017G/Settings/ab/dk_02_001.html},
  OPTannote = 	 {}
}

@Unpublished{flab/ishida17:awsss,
  author = 	 {Ishida, Shigemi},
  title = 	 {Low-Cost Vehicle Sensing using Stereo Microphone},
  note = 	 {The Asian Workshop on Smart Sensor Systems, oral presentation},
  OPTkey = 	 {},
  month = 	 mar,
  year = 	 {2017},
  OPTaddress =	 {Jeju Island, Korea},
  OPTannote = 	 {}
}

@InProceedings{flab/yamamoto17:dicomo,
  author = 	 {山本 貴宏 and 泉 幸作 and 石田 繁巳 and 田頭 茂明 and 福田 晃},
  title = 	 {センサ測位システム{ZigLoc}の精度向上に向けた差分フィンガープリント法の設計},
  OPTcrossref =  {},
  OPTkey = 	 {},
  booktitle =	 IPSJJ_P_DICOMO,
  year = 	 {2017},
  OPTeditor = 	 {},
  OPTvolume = 	 {},
  OPTnumber = 	 {},
  OPTseries = 	 {},
  pages = 	 {1607--1613},
  month = 	 jun,
  OPTaddress = 	 {},
  OPTorganization = {},
  OPTpublisher = {},
  OPTnote = 	 {},
  OPTannote = 	 {}
}

@InProceedings{flab/kajimura17:cps-dist_isip_post,
  author = 	 {Kajimura, Jumpei and Ishida, Shigemi and Tagashira, Shigeaki and Fukuda, Akira},
  title = 	 {Design of Distributed Calculation Scheme using Network Address Translation for Ad-hoc Wireless Positioning Network},
  OPTcrossref =  {},
  OPTkey = 	 {},
  booktitle =	 MISC_P_ISIP_POST,
  year = 	 {2017},
  OPTeditor = 	 {},
  volume = 	 {760},
  OPTnumber = 	 {},
  OPTseries = 	 {},
  pages = 	 {33--48},
  month = 	 oct,
  OPTaddress = 	 {Lyon, France},
  OPTorganization = {},
  OPTpublisher = {},
  OPTnote = 	 {},
  doi =		 {10.1007/978-3-319-68282-2_3},
  url =		 {https://doi.org/10.1007/978-3-319-68282-2_3},
  OPTannote = 	 {}
}

@InProceedings{flab/murakami17:csi_11ac,
  author = 	 {村上 友規 and 梅内 誠 and 石田 繁巳 and 福田 晃},
  title = 	 {{IEEE} 802.11acの{CSI}フィードバック機能を利用した高効率{CSI}取得システム},
  OPTcrossref =  {},
  OPTkey = 	 {},
  booktitle =    IEICEJ_T,
  pages = 	 {49--54},
  year = 	 {2017},
  OPTeditor = 	 {},
  OPTvolume = 	 {117},
  OPTnumber = 	 {175},
  OPTseries = 	 {},
  OPTaddress = 	 {},
  month = 	 aug,
  OPTorganization = {},
  OPTpublisher =	 {},
  note = 	 IEICEJ_T_RCS # "（RCS2017-151）",
  OPTannote = 	 {}
}

@InProceedings{flab/tanaka17:ess,
  author = 	 {田中 文也 and 久住 憲嗣 and 石田 繁巳 and 福田 晃},
  title = 	 {モデル駆動開発による消費電力自己適応型ソフトウェアの開発方法論},
  OPTcrossref =  {},
  OPTkey = 	 {},
  booktitle =	 IPSJJ_P_ESS,
  year = 	 {2017},
  OPTeditor = 	 {},
  OPTvolume = 	 {},
  OPTnumber = 	 {},
  OPTseries = 	 {},
  pages = 	 {31--38},
  month = 	 aug,
  OPTaddress = 	 {},
  OPTorganization = {},
  OPTpublisher = {},
  OPTnote = 	 {},
  OPTannote = 	 {}
}

@InProceedings{flab/yamamoto17:icmu,
  author = 	 {Yamamoto, Takahiro and Ishida, Shigemi and Izumi, Kousaku and Tagashira, Shigeaki and Fukuda, Fukuda},
  title = 	 {Accuracy Improvement in Sensor Localization System utilizing Heterogeneous Wireless Technologies},
  OPTcrossref =  {},
  OPTkey = 	 {},
  booktitle =	 IPSJ_P_ICMU,
  year = 	 {2017},
  OPTeditor = 	 {},
  OPTvolume = 	 {},
  OPTnumber = 	 {},
  OPTseries = 	 {},
  pages = 	 {26--31},
  month = 	 oct,
  OPTaddress = 	 {Toyama, Japan},
  OPTorganization = {},
  OPTpublisher = {},
  OPTnote = 	 {},
  OPTannote = 	 {},
  url =		 {https://doi.org/10.23919/ICMU.2017.8330074},
  doi =		 {10.23919/ICMU.2017.8330074}
}

@InProceedings{flab/tanaka17:tencon,
  author = 	 {Tanaka, Fumiya and Hisazumi, Kenji and Ishida, Shigemi and Fukuda, Akira},
  title = 	 {A Methodology to Develop Energy Adaptive Software Using Model-Driven Development},
  OPTcrossref =  {},
  OPTkey = 	 {},
  booktitle =	 IEEE_P_TENCON,
  year = 	 {2017},
  OPTeditor = 	 {},
  OPTvolume = 	 {},
  OPTnumber = 	 {},
  OPTseries = 	 {},
  pages = 	 {769--774},
  month = 	 nov,
  OPTaddress = 	 {Penang, Malaysia},
  OPTorganization = {},
  OPTpublisher = {},
  OPTnote = 	 {},
  OPTannote = 	 {},
  url =		 {https://doi.org/10.1109/TENCON.2017.8227963},
  doi =		 {10.1109/TENCON.2017.8227963}
}

@Article{flab/kim17:freebee_ton,
  author = 	 {Kim, Song Min and Ishida, Shigemi and Wang, Shuai and He, Tian},
  title = 	 {Free Side-Channel Cross-Technology Communication in Wireless Networks},
  journal = 	 IEEE_J_NET,
  year = 	 {2017},
  OPTkey = 	 {},
  volume = 	 {25},
  number = 	 {5},
  pages = 	 {2974--2987},
  month =	 oct,
  OPTnote = 	 {},
  doi =		 {10.1109/TNET.2017.2724539},
  url =		 {https://doi.org/10.1109/TNET.2017.2724539},
  OPTannote = 	 {}
}

@Unpublished{flab/kajimura17:fit_exhibi,
  author = 	 {梶村 順平 and 石田 繁巳 and 久保 一雄 and 内野 雅人 and 田頭 茂明 and 福田 晃},
  title = 	 {ステレオマイクを用いた車両検出},
  note = 	 {情報科学技術フォーラム（FIT）, 技術展示},
  OPTkey = 	 {},
  month = 	 sep,
  year = 	 {2017},
  OPTannote = 	 {}
}

@InProceedings{flab/murakami17:csi_11ac_cq,
  author = 	 {村上 友規 and 梅内 誠 and {宮\ajTatsuSaki} 雅彦 and {\UTF{4E1B}} 銘 and 折原 凌 and 石田 繁巳 and 福田 晃},
  title = 	 {[ポスター講演] 高効率{CSI}取得システムを用いた人体検出の実験評価},
  OPTcrossref =  {},
  OPTkey = 	 {},
  booktitle =    IEICEJ_T,
  pages = 	 {1},
  year = 	 {2017},
  OPTeditor = 	 {},
  OPTvolume = 	 {},
  OPTnumber = 	 {},
  OPTseries = 	 {},
  OPTaddress = 	 {},
  month = 	 oct,
  OPTorganization = {},
  publisher =	 IEICEJ_T_CQ,
  OPTnote = 	 {},
  OPTannote = 	 {}
}

@InCollection{flab/ishida18:bleloc_book,
  author = 	 {Ishida, Shigemi and Takashima, Yoko and Tagashira, Shigeaki and Fukuda, Akira},
  title = 	 {Design and Initial Evaluation of Bluetooth Low Energy Separate Channel Fingerprinting},
  booktitle = 	 {New Trends in E-Service and Smart Computing, Studies in Computational Intelligence},
  OPTcrossref =  {},
  OPTkey = 	 {},
  publisher =	 {Springer},
  year = 	 {2018},
  editor = 	 {Matsuo, Tokuro and Mine, Tsunenori and Hirokawa, Sachio},
  volume = 	 {742},
  OPTnumber = 	 {},
  OPTseries = 	 {Studies in Computational Intelligence},
  OPTtype = 	 {},
  OPTchapter = 	 {},
  pages = 	 {19--33},
  OPTedition = 	 {},
  month = 	 jan,
  OPTaddress = 	 {},
  OPTnote = 	 {},
  doi =		 {10.1007/978-3-319-70636-8_2},
  url =		 {https://doi.org/10.1007/978-3-319-70636-8_2},
  OPTannote = 	 {}
}

@InCollection{flab/fukuda18:kibans_book,
  author = 	 {Fukuda, Akira and Hisazumi, Kenji and Mine, Tsunenori and Ishida, Shigemi and Ando, Takahiro and Ishibashi, Shota and Tagashira, Shigeaki and Kaneko, Kunihiko and Arakawa, Yutaka and Kong, Weiqiang and Li, Guoqiang},
  title = 	 {Toward Sustainable Smart Mobility Information Infrastructure Platform: Project Overview},
  booktitle = 	 {New Trends in E-Service and Smart Computing, Studies in Computational Intelligence},
  OPTcrossref =  {},
  OPTkey = 	 {},
  publisher =	 {Springer},
  year = 	 {2018},
  editor = 	 {Matsuo, Tokuro and Mine, Tsunenori and Hirokawa, Sachio},
  volume = 	 {742},
  OPTnumber = 	 {},
  OPTseries = 	 {Studies in Computational Intelligence},
  OPTtype = 	 {},
  OPTchapter = 	 {},
  pages = 	 {35--46},
  OPTedition = 	 {},
  month = 	 jan,
  OPTaddress = 	 {},
  OPTnote = 	 {},
  OPTannote = 	 {},
  url =		 {https://doi.org/10.1007/978-3-319-70636-8_3},
  doi =		 {10.1007/978-3-319-70636-8_3}
}

@InProceedings{flab/sato17:train_ipsj_its,
  author = 	 {佐藤 孝嗣 and 石田 繁巳 and 梶村 順平 and 内野 雅人 and 田頭 茂明 and 福田 晃},
  title = 	 {マイクロフォンを用いた列車・自動車同時検出システムの提案},
  OPTcrossref =  {},
  OPTkey = 	 {},
  booktitle =	 IPSJJ_T_,
  year = 	 {2017},
  OPTeditor = 	 {},
  OPTvolume = 	 {2017-ITS-71},
  OPTnumber = 	 {6},
  OPTseries = 	 {},
  pages = 	 {1--4},
  month = 	 nov,
  OPTaddress = 	 {},
  OPTorganization = {},
  OPTpublisher =	 {},
  note = 	 IPSJJ_T_ITS2 # "（ITS-71-6）",
  OPTannote = 	 {}
}

@InProceedings{flab/kubo17:lp_ipsj_its,
  author = 	 {久保 一雄 and 李 承諭 and 石田 繁巳 and 田頭 茂明 and 福田 晃},
  title = 	 {離散ウェーブレット変換を用いた路側設置マイクによる省リソース車両検出手法の検討},
  OPTcrossref =  {},
  OPTkey = 	 {},
  booktitle =	 IPSJJ_T_,
  year = 	 {2017},
  OPTeditor = 	 {},
  OPTvolume = 	 {2017-ITS-71},
  OPTnumber = 	 {21},
  OPTseries = 	 {},
  pages = 	 {1--6},
  month = 	 nov,
  OPTaddress = 	 {},
  OPTorganization = {},
  OPTpublisher =	 {},
  note = 	 IPSJJ_T_ITS2 # "（ITS-71-21）",
  OPTannote = 	 {}
}

@InProceedings{flab/sato17:train_its_symp,
  author = 	 {佐藤 孝嗣 and 石田 繁巳 and 梶村 順平 and 内野 雅人 and 田頭 茂明 and 福田 晃},
  title = 	 {線路脇マイクロフォンを用いた列車検出手法の提案},
  OPTcrossref =  {},
  OPTkey = 	 {},
  booktitle =	 MISCJ_ITS_SYMP,
  year = 	 {2017},
  OPTeditor = 	 {},
  OPTvolume = 	 {},
  OPTnumber = 	 {},
  OPTseries = 	 {},
  pages = 	 {1--6},
  month = 	 dec,
  OPTaddress = 	 {},
  OPTorganization = {},
  OPTpublisher = {},
  OPTnote = 	 {},
  OPTannote = 	 {}
}

@InProceedings{flab/kubo17:lp_its_symp,
  author = 	 {久保 一雄 and 李 承諭 and 石田 繁巳 and 田頭 茂明 and 福田 晃},
  title = 	 {離散ウェーブレット変換を用いた路側設置マイクによる車両検出手法の提案},
  OPTcrossref =  {},
  OPTkey = 	 {},
  booktitle =	 MISCJ_ITS_SYMP,
  year = 	 {2017},
  OPTeditor = 	 {},
  OPTvolume = 	 {},
  OPTnumber = 	 {},
  OPTseries = 	 {},
  pages = 	 {1--6},
  month = 	 dec,
  OPTaddress = 	 {},
  OPTorganization = {},
  OPTpublisher = {},
  OPTnote = 	 {},
  OPTannote = 	 {}
}

@InProceedings{flab/wada17:track_sotai,
  author = 	 {和田 瞭也 and 田頭 茂明 and 荻野 正樹 and 石田 繁巳 and 福田 晃},
  title = 	 {圧力センサシートを用いたユーザトラッキングシステムの歩行者の靴跡に対する性能評価},
  OPTcrossref =  {},
  OPTkey = 	 {},
  booktitle =	 IEICEJ_SO,
  year = 	 {2017},
  OPTeditor = 	 {},
  OPTvolume = 	 {},
  OPTnumber = 	 {},
  OPTseries = 	 {},
  pages = 	 {1},
  month = 	 sep,
  OPTaddress = 	 {},
  OPTorganization = {},
  OPTpublisher =	 {},
  note = 	 {B-15-8},
  OPTannote = 	 {}
}

@Unpublished{flab/kubo17:indonesia_poster,
  author = 	 {Kubo, Kazuo and Li, Chengyu and Ishida, Shigemi and Tagashira, Shigeaki and Fukuda, Akira},
  title = 	 {[Poster] Proposal of Low Power Vehicle Detection System utilizing a Wake-up Mechanism},
  note = 	 {Indonesia-Japan Joint Workshop on Ambient Intelligence and Sensor Networks},
  OPTkey = 	 {},
  month = 	 dec,
  year = 	 {2017},
  OPTaddress =	 {Yogyakarta, Indonesia},
  OPTannote = 	 {}
}

@Unpublished{flab/sato17:indonesia_poster,
  author = 	 {Sato, Koji and Ishida, Shigemi and Kajimura, Jumpei and Uchino, Masato and Tagashira, Shigeaki and Fukuda, Akira},
  title = 	 {[Poster] The Proposal of Train and Vehicle Detection System},
  note = 	 {Indonesia-Japan Joint Workshop on Ambient Intelligence and Sensor Networks},
  OPTkey = 	 {},
  month = 	 dec,
  year = 	 {2017},
  OPTaddress =	 {Yogyakarta, Indonesia},
  OPTannote = 	 {}
}

@Unpublished{flab/kubo17:indonesia,
  author = 	 {Kubo, Kazuo and Li, Chengyu and Ishida, Shigemi and Tagashira, Shigeaki and Fukuda, Akira},
  title = 	 {Proposal of Low Power Vehicle Detection System utilizing a Wake-up Mechanism},
  note = 	 {Indonesia-Japan Joint Workshop on Ambient Intelligence and Sensor Networks, oral presentation},
  OPTkey = 	 {},
  month = 	 dec,
  year = 	 {2017},
  OPTaddress =	 {Yogyakarta, Indonesia},
  OPTannote = 	 {}
}

@Unpublished{flab/sato17:indonesia,
  author = 	 {Sato, Koji and Ishida, Shigemi and Kajimura, Jumpei and Uchino, Masato and Tagashira, Shigeaki and Fukuda, Akira},
  title = 	 {The Proposal of Train and Vehicle Detection System},
  note = 	 {Indonesia-Japan Joint Workshop on Ambient Intelligence and Sensor Networks, oral presentation},
  OPTkey = 	 {},
  month = 	 dec,
  year = 	 {2017},
  OPTaddress =	 {Yogyakarta, Indonesia},
  OPTannote = 	 {}
}

@Article{flab/ishida18:ondemand_loc,
  author = 	 {石田 繁巳 and 田頭 茂明 and 荒川 豊 and 福田 晃},
  title = 	 {オンデマンド屋内位置情報サービスに向けた分散測位型アドホック測位ネットワーク},
  journal = 	 IEICEJ_J_B,
  year = 	 {2018},
  OPTkey = 	 {},
  volume = 	 {J101-B},
  number = 	 {5},
  pages = 	 {357--371},
  month = 	 may,
  OPTnote = 	 {},
  OPTannote = 	 {}
}

@InProceedings{flab/kubo18:its_sogo,
  author = 	 {久保 一雄 and 李 承諭 and 内野 雅人 and 石田 繁巳 and 田頭 茂明 and 福田 晃},
  title = 	 {離散ウェーブレット変換を用いた車両検出時の窓関数の影響},
  OPTcrossref =  {},
  OPTkey = 	 {},
  booktitle =	 IEICEJ_ST,
  pages = 	 {1},
  year = 	 {2018},
  OPTeditor = 	 {},
  OPTvolume = 	 {},
  OPTnumber = 	 {},
  OPTseries = 	 {},
  OPTaddress = 	 {},
  month = 	 mar,
  OPTorganization = {},
  OPTpublisher =	 {},
  note = 	 {B-18-46},
  url =		 {http://www.gakkai-web.net/gakkai/ieice/G_2018/Settings/ab/b_18_046.html},
  OPTannote = 	 {}
}

@InProceedings{flab/murakami18:csi_11ac_ap,
  author = 	 {村上 友規 and 梅内 誠 and {宮\ajTatsuSaki} 雅彦 and {\UTF{4E1B}} 銘 and 折原 凌 and 石田 繁巳 and 福田 晃},
  title = 	 {[依頼講演] 物体検出に向けた無線{LAN}ベース{CSI}取得システム},
  OPTcrossref =  {},
  OPTkey = 	 {},
  booktitle =    IEICEJ_T,
  pages = 	 {57--62},
  year = 	 {2018},
  OPTeditor = 	 {},
  OPTvolume = 	 {117},
  OPTnumber = 	 {436},
  OPTseries = 	 {},
  OPTaddress = 	 {},
  month = 	 feb,
  OPTorganization = {},
  OPTpublisher =	 {},
  note = 	 IEICEJ_T_AP # "（AP2017-186）",
  OPTannote = 	 {}
}

@InProceedings{flab/kubo18:its_ap,
  author = 	 {Kubo, Kazuo and Li, Chengyu and Ishida, Shigemi and Tagashira, Shigeaki and Fukuda, Akira},
  title = 	 {Design of Ultra Low Power Vehicle Detector utilizing Discrete Wavelet Transform},
  OPTcrossref =  {},
  OPTkey = 	 {},
  booktitle =	 MISC_P_ITSAP,
  year = 	 {2018},
  OPTeditor = 	 {},
  OPTvolume = 	 {},
  OPTnumber = 	 {},
  OPTseries = 	 {},
  pages = 	 {1052--1063},
  month = 	 may,
  OPTaddress = 	 {Fukuoka, Japan},
  OPTorganization = {},
  OPTpublisher = {},
  OPTnote = 	 {},
  OPTannote = 	 {}
}

@InProceedings{flab/sato18:its_ap,
  author = 	 {Sato, Koji and Ishida, Shigemi and Kajimura, Jumpei and Uchino, Masato and Tagashira, Shigeaki and Fukuda, Akira},
  title = 	 {Initial Evaluation of Acoustic Train Detection System},
  OPTcrossref =  {},
  OPTkey = 	 {},
  booktitle =	 MISC_P_ITSAP,
  year = 	 {2018},
  OPTeditor = 	 {},
  OPTvolume = 	 {},
  OPTnumber = 	 {},
  OPTseries = 	 {},
  pages = 	 {1092--1103},
  month = 	 may,
  OPTaddress = 	 {Fukuoka, Japan},
  OPTorganization = {},
  OPTpublisher = {},
  OPTnote = 	 {},
  OPTannote = 	 {}
}

@InProceedings{flab/kajimura18:ipsj-its72,
  author = 	 {梶村 順平 and 石田 繁巳 and 内野 雅人 and 田頭 茂明 and 福田 晃},
  title = 	 {路側設置マイクによる車両検出における連続車両検出精度向上に関する検討},
  OPTcrossref =  {},
  OPTkey = 	 {},
  booktitle =	 IPSJJ_T_,
  year = 	 {2018},
  OPTeditor = 	 {},
  OPTvolume = 	 {2018-ITS-72},
  OPTnumber = 	 {5},
  OPTseries = 	 {},
  pages = 	 {1--8},
  month = 	 mar,
  OPTaddress = 	 {},
  OPTorganization = {},
  OPTpublisher =	 {},
  note = 	 IPSJJ_T_ITS2 # "（ITS-72-5）",
  OPTannote = 	 {}
}

@InProceedings{flab/ishida18:iiai_aai_eskm,
  author = 	 {Ishida, Shigemi and Takaki, Sou and Yamamoto, Takahiro and Tagashira, Shigeaki and Fukuda, Akira},
  title = 	 {Evaluation of {BLE} Separate Channel Fingerprinting in Practical Environment},
  OPTcrossref =  {},
  OPTkey = 	 {},
  booktitle =	 MISC_P_IIAI_AAI_ESKM,
  year = 	 {2018},
  OPTeditor = 	 {},
  OPTvolume = 	 {},
  OPTnumber = 	 {},
  OPTseries = 	 {},
  pages = 	 {121--124},
  month = 	 jul,
  OPTaddress = 	 {Yonago, Japan},
  OPTorganization = {},
  OPTpublisher = {},
  OPTnote = 	 {},
  OPTannote = 	 {},
  url =		 {https://doi.org/10.1109/IIAI-AAI.2018.00032},
  do =		 {10.1109/IIAI-AAI.2018.00032}
}

@InProceedings{flab/fukuda18:iiai_aai_eskm,
  author = 	 {Fukuda, Akira and Nakanishi, Tsuneo and Hisazumi, Kenji and Kaneko, Kunihiko and Tagashira, Shigeaki and Mine, Tsunenori and Arakawa, Yutaka and Ishida, Shigemi and Ando, Takahiro and Ashihara, Shuichi and Ura, Masakatsu and Nakamura, Yoshimichi and Nakamura, Soichiro and Kong, Weiqiang and Li, Guoqiang},
  title = 	 {Toward Sustainable Smart Mobility Information Infrastructure Platform -- Current Status},
  OPTcrossref =  {},
  OPTkey = 	 {},
  booktitle =	 MISC_P_IIAI_AAI_ESKM,
  year = 	 {2018},
  OPTeditor = 	 {},
  OPTvolume = 	 {},
  OPTnumber = 	 {},
  OPTseries = 	 {},
  pages = 	 {81--85},
  month = 	 jul,
  OPTaddress = 	 {Yonago, Japan},
  OPTorganization = {},
  OPTpublisher = {},
  OPTnote = 	 {},
  OPTannote = 	 {},
  url =		 {https://doi.org/10.1109/IIAI-AAI.2018.00025},
  doi =		 {10.1109/IIAI-AAI.2018.00025}
}

@InProceedings{flab/ishida18:socialtech_poster,
  author = 	 {Ishida, Shigemi and Uchino, Masato and Kajimura, Jumpei and Tagashira, Shigeaki and Fukuda, Akira},
  title = 	 {Initial Attempt of Acoustic Vehicle Detection under Strong Wind},
  OPTcrossref =  {},
  OPTkey = 	 {},
  booktitle =	 MISC_P_SocialTech,
  year = 	 {2018},
  OPTeditor = 	 {},
  OPTvolume = 	 {},
  OPTnumber = 	 {},
  OPTseries = 	 {},
  pages = 	 {1--2},
  month = 	 apr,
  OPTaddress = 	 {Fukuoka, Japan},
  OPTorganization = {},
  OPTpublisher = {},
  OPTnote = 	 {},
  OPTannote = 	 {}
}

@InProceedings{flab/sato18:socialtech_poster,
  author = 	 {Sato, Koji and Ishida, Shigemi and Kajimura, Jumpei and Kubo, Kazuo and Uchino, Masato and Tagashira, Shigeaki and Fukuda, Akira},
  title = 	 {Design and Implementation of Train Detector using Rail-Side Microphone},
  OPTcrossref =  {},
  OPTkey = 	 {},
  booktitle =	 MISC_P_SocialTech,
  year = 	 {2018},
  OPTeditor = 	 {},
  OPTvolume = 	 {},
  OPTnumber = 	 {},
  OPTseries = 	 {},
  pages = 	 {1--2},
  month = 	 apr,
  OPTaddress = 	 {Fukuoka, Japan},
  OPTorganization = {},
  OPTpublisher = {},
  OPTnote = 	 {},
  OPTannote = 	 {}
}

@InProceedings{flab/kubo18:socialtech_poster,
  author = 	 {Kubo, Kazuo and Li, Chengyu and Sato, Koji and Uchino, Masato and Ishida, Shigemi and Tagashira, Shigeaki and Fukuda, Akira},
  title = 	 {Initial Evaluation of Low Power Vehicle Detection System utilizing Discrete Wavelet Transform},
  OPTcrossref =  {},
  OPTkey = 	 {},
  booktitle =	 MISC_P_SocialTech,
  year = 	 {2018},
  OPTeditor = 	 {},
  OPTvolume = 	 {},
  OPTnumber = 	 {},
  OPTseries = 	 {},
  pages = 	 {1--2},
  month = 	 apr,
  OPTaddress = 	 {Fukuoka, Japan},
  OPTorganization = {},
  OPTpublisher = {},
  OPTnote = 	 {},
  OPTannote = 	 {}
}

@InProceedings{flab/uchino18:ipsj-its73,
  author = 	 {内野 雅人 and 石田 繁巳 and 梶村 順平 and 田頭 茂明 and 福田 晃},
  title = 	 {音響車両検出システムの風影響下における精度向上に関する検討},
  OPTcrossref =  {},
  OPTkey = 	 {},
  booktitle =	 IPSJJ_T_,
  year = 	 {2018},
  OPTeditor = 	 {},
  OPTvolume = 	 {2018-ITS-73},
  OPTnumber = 	 {10},
  OPTseries = 	 {},
  pages = 	 {1--7},
  month = 	 may,
  OPTaddress = 	 {},
  OPTorganization = {},
  OPTpublisher =	 {},
  note = 	 IPSJJ_T_ITS2 # "（ITS-73-10）",
  OPTannote = 	 {}
}

@InProceedings{flab/kimoto18:dicomo,
  author = 	 {木元 亮太 and 山本 貴宏 and 石田 繁巳 and 田頭 茂明 and 福田 晃},
  title = 	 {{ZigBee}のチャネル間特性差を利用した屋内測位手法の初期的評価},
  OPTcrossref =  {},
  OPTkey = 	 {},
  booktitle =	 IPSJJ_P_DICOMO,
  year = 	 {2018},
  OPTeditor = 	 {},
  OPTvolume = 	 {},
  OPTnumber = 	 {},
  OPTseries = 	 {},
  pages = 	 {596--602},
  month = 	 jul,
  OPTaddress = 	 {},
  OPTorganization = {},
  OPTpublisher = {},
  OPTnote = 	 {},
  OPTannote = 	 {}
}

@InProceedings{flab/orihara18:dicomo,
  author = 	 {折原 凌 and 石田 繁巳 and {宮\ajTatsuSaki} 雅彦 and 田頭 茂明 and 福田 晃},
  title = 	 {{Bluetooth Low Energy}を用いた水位推定手法の提案},
  OPTcrossref =  {},
  OPTkey = 	 {},
  booktitle =	 IPSJJ_P_DICOMO,
  year = 	 {2018},
  OPTeditor = 	 {},
  OPTvolume = 	 {},
  OPTnumber = 	 {},
  OPTseries = 	 {},
  pages = 	 {812--818},
  month = 	 jul,
  OPTaddress = 	 {},
  OPTorganization = {},
  OPTpublisher = {},
  OPTnote = 	 {},
  OPTannote = 	 {},
  url =		 {http://id.nii.ac.jp/1001/00193461/}
}

@InProceedings{flab/orihara18:iwin,
  author = 	 {Orihara, Ryo and Ishida, Shigemi and Miyazaki, Masahiko and Tagashira, Shigeaki and Fukuda, Akira},
  title = 	 {Initial Attempt of {Bluetooth Low Energy} Water-Level Estimator},
  OPTcrossref =  {},
  OPTkey = 	 {},
  booktitle =	 MISC_P_IWIN,
  year = 	 {2018},
  OPTeditor = 	 {},
  OPTvolume = 	 {},
  OPTnumber = 	 {},
  OPTseries = 	 {},
  pages = 	 {1--5},
  month = 	 sep,
  OPTaddress = 	 {Salzburg, Austria},
  OPTorganization = {},
  OPTpublisher = {},
  OPTnote = 	 {},
  OPTannote = 	 {}
}

@InProceedings{flab/miyazaki18:mika_poster,
  author = 	 {{宮\ajTatsuSaki} 雅彦 and 石田 繁巳 and 福田 晃 and 村上 友規},
  title = 	 {[ポスター講演] {Wi-Fi}信号を用いた屋外人体センシングの検討},
  OPTcrossref =  {},
  OPTkey = 	 {},
  booktitle =	 IEICEJ_T_MIKA,
  year = 	 {2018},
  OPTeditor = 	 {},
  OPTvolume = 	 {},
  OPTnumber = 	 {},
  OPTseries = 	 {},
  pages = 	 {1},
  month = 	 sep,
  OPTaddress = 	 {},
  OPTorganization = {},
  OPTpublisher = {},
  note = 	 {poster 4-19},
  annote = 	 {（ポスター賞 若手最優秀部門）}
}

@InProceedings{flab/yamamoto18:mika_poster,
  author = 	 {山本 貴宏 and 石田 繁巳 and 田頭 茂明 and 福田 晃},
  title = 	 {[ポスター講演] {t-MultiLoc}: t検定を用いたマルチチャネルフィンガープリント法の提案},
  OPTcrossref =  {},
  OPTkey = 	 {},
  booktitle =	 IEICEJ_T_MIKA,
  year = 	 {2018},
  OPTeditor = 	 {},
  OPTvolume = 	 {},
  OPTnumber = 	 {},
  OPTseries = 	 {},
  pages = 	 {1},
  month = 	 sep,
  OPTaddress = 	 {},
  OPTorganization = {},
  OPTpublisher = {},
  note = 	 {poster 3-9},
  OPTannote = 	 {}
}

@InProceedings{flab/ishida18:itsc,
  author = 	 {Ishida, Shigemi and Kajimura, Jumpei and Uchino, Masato and Tagashira, Shigeaki and Fukuda, Akira},
  title = 	 {{SAVeD}: Acoustic Vehicle Detector with Speed Estimation capable of Sequential Vehicle Detection},
  OPTcrossref =  {},
  OPTkey = 	 {},
  booktitle =	 IEEE_P_ITSC,
  year = 	 {2018},
  OPTeditor = 	 {},
  OPTvolume = 	 {},
  OPTnumber = 	 {},
  OPTseries = 	 {},
  pages = 	 {906--912},
  month = 	 nov,
  OPTaddress = 	 {Maui, HI},
  OPTorganization = {},
  OPTpublisher = {},
  OPTnote = 	 {},
  doi =		 {10.1109/ITSC.2018.8569727},
  url =		 {https://doi.org/10.1109/ITSC.2018.8569727},
  OPTannote = 	 {}
}

@InProceedings{flab/kimoto18:icmu,
  author = 	 {Kimoto, Ryota and Yamamoto, Takahiro and Ishida, Shigemi and Tagashira, Shigeaki and Fukuda, Akira},
  title = 	 {Evaluation of {MultiZigLoc}: Indoor {ZigBee} Localization System Using Inter-Channel Characteristics},
  OPTcrossref =  {},
  OPTkey = 	 {},
  booktitle =	 IPSJ_P_ICMU,
  year = 	 {2018},
  OPTeditor = 	 {},
  OPTvolume = 	 {},
  OPTnumber = 	 {},
  OPTseries = 	 {},
  pages = 	 {1--10},
  month = 	 oct,
  OPTaddress = 	 {Auckland, New Zealand},
  OPTorganization = {},
  OPTpublisher = {},
  OPTnote = 	 {},
  doi =		 {10.23919/ICMU.2018.8653263},
  url =		 {https://doi.org/10.23919/ICMU.2018.8653263},
  OPTannote = 	 {}
}

@Article{flab/ishida19:ipsjj_its_count,
  author = 	 {石田 繁巳 and 梶村 順平 and 内野 雅人 and 田頭 茂明 and 福田 晃},
  title = 	 {路側設置マイクロフォンを用いた逐次検出型車両検出システム},
  journal = 	 IPSJJ_J,
  year = 	 {2019},
  OPTkey = 	 {},
  volume = 	 {60},
  number = 	 {1},
  pages = 	 {76--86},
  month = 	 jan,
  OPTnote = 	 {},
  OPTannote = 	 {},
  url =		 {http://id.nii.ac.jp/1001/00193796/}
}

@Article{flab/murakami18:mdpij,
  author = 	 {Murakami, Tomoki and Miyazaki, Masahiko and Ishida, Shigemi and Fukuda, Akira},
  title = 	 {Wireless {LAN}-based {CSI} Monitoring System for Object Detection},
  journal = 	 MDPI_ELEC,
  year = 	 {2018},
  OPTkey = 	 {},
  volume = 	 {7},
  number = 	 {11},
  pages = 	 {290:1--290:11},
  month = 	 nov,
  OPTnote = 	 {},
  OPTannote = 	 {},
  url =		 {https://doi.org/10.3390/electronics7110290},
  doi =		 {10.3390/electronics7110290}
}

@Unpublished{flab/uchino18:ipsj-its_poster,
  author = 	 {内野 雅人 and 石田 繁巳 and 久保 一雄 and 田頭 茂明 and 福田 晃},
  title = 	 {音響車両検出システムの強風影響下におけるノイズ削減手法の検討},
  note = 	 {高度交通システム（ITS）研究フォーラム2018},
  OPTkey = 	 {},
  month = 	 dec,
  year = 	 {2018},
  OPTaddress =	 {},
  OPTannote = 	 {}
}

@Unpublished{flab/sato18:ipsj-its_poster,
  author = 	 {佐藤 孝嗣 and 石田 繁巳 and 田頭 茂明 and 福田 晃},
  title = 	 {マイクロフォンを用いた鉄道車両乗車位置推定手法の提案},
  note = 	 {高度交通システム（ITS）研究フォーラム2018},
  OPTkey = 	 {},
  month = 	 dec,
  year = 	 {2018},
  OPTaddress =	 {},
  OPTannote = 	 {}
}

@InProceedings{flab/licy19:its_asn,
  author = 	 {李 承諭 and 石田 繁巳 and 久保 一雄 and 内野 雅人 and 田頭 茂明 and 福田 晃},
  title = 	 {マイクを用いた車両検出システムにおける環境ノイズ削減手法の提案},
  OPTcrossref =  {},
  OPTkey = 	 {},
  booktitle =	 IEICEJ_T,
  year = 	 {2019},
  OPTeditor = 	 {},
  OPTvolume = 	 {118},
  OPTnumber = 	 {428},
  OPTseries = 	 {},
  pages = 	 {35--40},
  month = 	 jan,
  OPTaddress = 	 {},
  OPTorganization = {},
  OPTpublisher =	 {},
  note = 	 IEICEJ_T_ASN # "（ASN2018-85）",
  OPTannote = 	 {}
}

@InProceedings{flab/mitsukude19:ipsj_z,
  author = 	 {光来出 優大 and 石田 繁巳 and 田頭 茂明 and 福田 晃},
  title = 	 {6軸ジャイロを用いた扉の開閉動作による人物同定の初期評価},
  OPTcrossref =  {},
  OPTkey = 	 {},
  booktitle =	 IPSJJ_Z,
  pages = 	 {3:93--3:94},
  year = 	 {2019},
  OPTeditor = 	 {},
  OPTvolume = 	 {},
  OPTnumber = 	 {},
  OPTseries = 	 {},
  OPTaddress = 	 {},
  month = 	 mar,
  OPTorganization = {},
  OPTpublisher =	 {},
  note = 	 {7V-02},
  url =		 {http://id.nii.ac.jp/1001/00196961/},
  OPTannote = 	 {}
}

@InProceedings{flab/hayashi19:ipsj_z,
  author = 	 {林 健太 and 石田 繁巳 and 田頭 茂明 and 福田 晃},
  title = 	 {着座時の臀部圧力分布を用いた人物の同定の初期実験評価},
  OPTcrossref =  {},
  OPTkey = 	 {},
  booktitle =	 IPSJJ_Z,
  pages = 	 {3:91--3:92},
  year = 	 {2019},
  OPTeditor = 	 {},
  OPTvolume = 	 {},
  OPTnumber = 	 {},
  OPTseries = 	 {},
  OPTaddress = 	 {},
  month = 	 mar,
  OPTorganization = {},
  OPTpublisher =	 {},
  note = 	 {7V-01},
  url =		 {http://id.nii.ac.jp/1001/00196960/},
  OPTannote = 	 {}
}

@InProceedings{flab/kubo19:ipsj_z,
  author = 	 {久保 一雄 and 李 承諭 and 内野 雅人 and 佐藤 考嗣 and 石田 繁巳 and 田頭 茂明 and 福田 晃},
  title = 	 {離散ウェーブレット変換を用いた省リソース車両検出システムの消費電力評価},
  OPTcrossref =  {},
  OPTkey = 	 {},
  booktitle =	 IPSJJ_Z,
  pages = 	 {3:339-3:340},
  year = 	 {2019},
  OPTeditor = 	 {},
  OPTvolume = 	 {},
  OPTnumber = 	 {},
  OPTseries = 	 {},
  OPTaddress = 	 {},
  month = 	 mar,
  OPTorganization = {},
  OPTpublisher =	 {},
  note = 	 {6Y-03},
  url =		 {http://id.nii.ac.jp/1001/00197076/},
  OPTannote = 	 {}
}

@InProceedings{flab/miyazaki19:ieice_sogo,
  author = 	 {{宮\ajTatsuSaki} 雅彦 and 石田 繁巳 and 福田 晃 and 村上 友規 and 大槻 信也},
  title = 	 {{WLAN}信号を用いた屋外人体センシングシステムの初期評価},
  OPTcrossref =  {},
  OPTkey = 	 {},
  booktitle =	 IEICEJ_ST,
  pages = 	 {1},
  year = 	 {2019},
  OPTeditor = 	 {},
  OPTvolume = 	 {},
  OPTnumber = 	 {},
  OPTseries = 	 {},
  OPTaddress = 	 {},
  month = 	 mar,
  OPTorganization = {},
  OPTpublisher =	 {},
  note = 	 {B-18-1},
  url =		 {},
  OPTannote = 	 {}
}

@InProceedings{flab/yamamoto19:ieice_sogo,
  author = 	 {山本 貴宏 and 石田 繁巳 and 田頭 茂明 and 福田 晃},
  title = 	 {{BLE}測位精度向上に向けた2段階チャネル区別測位の初期評価},
  OPTcrossref =  {},
  OPTkey = 	 {},
  booktitle =	 IEICEJ_ST,
  pages = 	 {1},
  year = 	 {2019},
  OPTeditor = 	 {},
  OPTvolume = 	 {},
  OPTnumber = 	 {},
  OPTseries = 	 {},
  OPTaddress = 	 {},
  month = 	 mar,
  OPTorganization = {},
  OPTpublisher =	 {},
  note = 	 {B-18-4},
  OPTannote = 	 {}
}

@InProceedings{flab/sato19:ieice_sogo,
  author = 	 {佐藤 孝嗣 and 石田 繁巳 and 田頭 茂明 and 福田 晃},
  title = 	 {マイクロフォンを用いた鉄道乗車位置推定手法の初期的評価},
  OPTcrossref =  {},
  OPTkey = 	 {},
  booktitle =	 IEICEJ_ST,
  pages = 	 {1},
  year = 	 {2019},
  OPTeditor = 	 {},
  OPTvolume = 	 {},
  OPTnumber = 	 {},
  OPTseries = 	 {},
  OPTaddress = 	 {},
  month = 	 mar,
  OPTorganization = {},
  OPTpublisher =	 {},
  note = 	 {B-15-11},
  OPTannote = 	 {}
}

@InProceedings{flab/yamamoto19:2bleloc_mbl,
  author = 	 {山本 貴宏 and 石田 繁巳 and 木元 亮太 and 田頭 茂明 and 福田 晃},
  title = 	 {2段階チャネル区別{BLE}測位手法の設計と評価},
  OPTcrossref =  {},
  OPTkey = 	 {},
  booktitle =	 IPSJJ_T_,
  year = 	 {2019},
  OPTeditor = 	 {},
  OPTvolume = 	 {2019-MBL-90},
  OPTnumber = 	 {5},
  OPTseries = 	 {},
  pages = 	 {1--7},
  month = 	 mar,
  OPTaddress = 	 {},
  OPTorganization = {},
  OPTpublisher =	 {},
  note = 	 IPSJJ_T_MBL # "（MBL-90-5）",
  OPTannote = 	 {}
}

@InProceedings{flab/mitsukude19:door_mbl,
  author = 	 {光来出 優大 and 林 健太 and 石田 繁巳 and 田頭 茂明 and 福田 晃},
  title = 	 {ドアの開閉動作に基づく人物識別手法の提案と初期評価},
  OPTcrossref =  {},
  OPTkey = 	 {},
  booktitle =	 IPSJJ_T_,
  year = 	 {2019},
  OPTeditor = 	 {},
  OPTvolume = 	 {2019-MBL-90},
  OPTnumber = 	 {32},
  OPTseries = 	 {},
  pages = 	 {1--6},
  month = 	 mar,
  OPTaddress = 	 {},
  OPTorganization = {},
  OPTpublisher =	 {},
  note = 	 IPSJJ_T_MBL # "（MBL-90-32）",
  OPTannote = 	 {}
}

@InProceedings{flab/uchino19:pervehicle,
  author = 	 {Uchino, Masato and Ishida, Shigemi and Kubo, Kazuo and Tagashira, Shigeaki and Fukuda, Akira},
  title = 	 {Initial Design of Acoustic Vehicle Detector with Wind Noise Suppressor},
  OPTcrossref =  {},
  OPTkey = 	 {},
  booktitle =	 IEEE_P_PERVEHICLE,
  year = 	 {2019},
  OPTeditor = 	 {},
  OPTvolume = 	 {},
  OPTnumber = 	 {},
  OPTseries = 	 {},
  pages = 	 {814--819},
  month = 	 mar,
  OPTaddress = 	 {Kyoto, Japan},
  OPTorganization = {},
  OPTpublisher = {},
  OPTnote = 	 {},
  OPTannote = 	 {},
  url =		 {https://doi.org/10.1109/PERCOMW.2019.8730822},
  doi =		 {10.1109/PERCOMW.2019.8730822}
}

@InProceedings{flab/kubo19:ipsj_its,
  author = 	 {久保 一雄 and 李 承諭 and 内野 雅人 and 石田 繁巳 and 田頭 茂明 and 福田 晃},
  title = 	 {離散ウェーブレット変換を用いた省リソース車両検出システムの設計と評価},
  OPTcrossref =  {},
  OPTkey = 	 {},
  booktitle =	 IPSJJ_T_,
  year = 	 {2019},
  OPTeditor = 	 {},
  OPTvolume = 	 {2018-ITS-76},
  OPTnumber = 	 {1},
  OPTseries = 	 {},
  pages = 	 {1--7},
  month = 	 feb--mar,
  OPTaddress = 	 {},
  OPTorganization = {},
  OPTpublisher =	 {},
  note = 	 IPSJJ_T_ITS2 # "（ITS-76-1）",
  annote = 	 {（優秀論文賞）}
}

@InProceedings{flab/sato19:ipsj_its,
  author = 	 {佐藤 孝嗣 and 石田 繁巳 and 田頭 茂明 and 福田 晃},
  title = 	 {マイクロフォンを用いた鉄道乗車位置推定手法の設計と評価},
  OPTcrossref =  {},
  OPTkey = 	 {},
  booktitle =	 IPSJJ_T_,
  year = 	 {2019},
  OPTeditor = 	 {},
  OPTvolume = 	 {2018-ITS-76},
  OPTnumber = 	 {5},
  OPTseries = 	 {},
  pages = 	 {1--7},
  month = 	 feb--mar,
  OPTaddress = 	 {},
  OPTorganization = {},
  OPTpublisher =	 {},
  note = 	 IPSJJ_T_ITS2 # "（ITS-76-5）",
  OPTannote = 	 {}
}

@InProceedings{flab/congming19:ipsj_its,
  author = 	 {Cong, Ming and Ishida, Shigemi and Tagashira, Shigeaki and Fukuda, Akira},
  title = 	 {Proposal of On-road Vehicle Detection Method Using {WiFi} Signal},
  OPTcrossref =  {},
  OPTkey = 	 {},
  booktitle =	 IPSJJ_T_,
  year = 	 {2019},
  OPTeditor = 	 {},
  OPTvolume = 	 {2018-ITS-76},
  OPTnumber = 	 {4},
  OPTseries = 	 {},
  pages = 	 {1--7},
  month = 	 feb--mar,
  OPTaddress = 	 {},
  OPTorganization = {},
  OPTpublisher =	 {},
  note = 	 IPSJJ_T_ITS2 # "（ITS-76-4）",
  annote = 	 {(Encouraged Presentation Award)}
}

@InCollection{flab/sato18:train_detect_book,
  author = 	 {Sato, Koji and Ishida, Shigemi and Kajimura, Jumpei and Tagashira, Shigeaki and Fukuda, Akira},
  title = 	 {Proposal of Acoustic Train Detection System for Crowdsensing},
  booktitle = 	 {Intelligent Transport Systems for Everyone's Mobility},
  OPTcrossref =  {},
  OPTkey = 	 {},
  publisher =	 {Springer},
  year = 	 {2019},
  editor = 	 {Mine, Tsunenori and Fukuda, Akira and Ishida, Shigemi},
  OPTvolume = 	 {},
  OPTnumber = 	 {},
  OPTseries = 	 {},
  OPTtype = 	 {},
  OPTchapter = 	 {},
  pages = 	 {427--444},
  OPTedition = 	 {},
  month = 	 jul,
  OPTaddress = 	 {},
  OPTnote = 	 {},
  url =		 {https://doi.org/10.1007/978-981-13-7434-0_24},
  doi =		 {10.1007/978-981-13-7434-0_24},
  OPTannote = 	 {}
}

@InProceedings{flab/miyazaki19:ieee_sas,
  author = 	 {Miyazaki, Masahiko and Ishida, Shigemi and Fukuda, Akira and Murakami, Tomoki and Otsuki, Shinya},
  title = 	 {Initial Attempt on Outdoor Human Detection using {IEEE}\,802.11ac {WLAN} Signal},
  OPTcrossref =  {},
  OPTkey = 	 {},
  booktitle =	 IEEE_P_SAS,
  year = 	 {2019},
  OPTeditor = 	 {},
  OPTvolume = 	 {},
  OPTnumber = 	 {},
  OPTseries = 	 {},
  pages = 	 {1--6},
  month = 	 mar,
  OPTaddress = 	 {Sophia Antipolis, France},
  OPTorganization = {},
  OPTpublisher = {},
  OPTnote = 	 {},
  url =		 {https://doi.org/10.1109/SAS.2019.8706126},
  doi =		 {10.1109/SAS.2019.8706126},
  annote = 	 {(Best Student Paper Award)}
}

@Unpublished{flab/ishida19:isit,
  author = 	 {石田 繁巳},
  title = 	 {情報通信技術を用いたセンシング},
  note = 	 {九州大学高等研究院 / 九州先端科学技術研究所 研究交流会, 口頭発表},
  OPTkey = 	 {},
  month = 	 feb,
  year = 	 {2019},
  OPTaddress =	 {},
  OPTannote = 	 {}
}

@Article{flab/zzz19:mdpi_sensors,
  author = 	 {Zhang, Zizheng and Ishida, Shigemi and Tagashira, Shigeaki and Fukuda, Akira},
  title = 	 {Danger-Pose Detection System Using Commodity {Wi-Fi} for Bathroom Monitoring},
  journal = 	 MDPI_SENSORS,
  year = 	 {2019},
  OPTkey = 	 {},
  volume = 	 {19},
  number = 	 {4},
  pages = 	 {884:1--884:16},
  month = 	 feb,
  OPTnote = 	 {},
  OPTannote = 	 {},
  url =		 {https://doi.org/10.3390/s19040884},
  doi =		 {10.3390/s19040884}
}

@Book{flab/ishida19:edbook_its,
  ALTauthor = 	 {},
  editor = 	 {Mine, Tsunenori and Fukuda, Akira and Ishida, Shigemi},
  title = 	 {Intelligent Transport Systems for Everyone's Mobility},
  publisher = 	 {Springer},
  year = 	 {2019},
  OPTkey = 	 {},
  OPTvolume = 	 {},
  OPTnumber = 	 {},
  OPTseries = 	 {},
  OPTaddress = 	 {},
  OPTedition = 	 {},
  OPTmonth = 	 {},
  OPTnote = 	 {},
  doi =		 {10.1007/978-981-13-7434-0},
  url =		 {https://doi.org/10.1007/978-981-13-7434-0},
  OPTannote = 	 {}
}

@InCollection{flab/ishida20:sss_book,
  author = 	 {Ishida, Shigemi and Tagashira, Shigeaki and Fukuda, Akira},
  title = 	 {Basics and Challenges in Acoustic Vehicle Sensing using Sidewalk Microphones},
  booktitle = 	 {Smart Sensors and Systems},
  OPTcrossref =  {},
  OPTkey = 	 {},
  publisher =	 {Springer},
  year = 	 {2020},
  editor = 	 {Liu, Yongpan and Lin, Youn-Long and Kyung, Chong-Min and Yasuura, Hiroto},
  OPTvolume = 	 {},
  OPTnumber = 	 {},
  OPTseries = 	 {},
  OPTtype = 	 {},
  OPTchapter = 	 {},
  pages = 	 {121--134},
  OPTedition = 	 {},
  month = 	 jun,
  OPTaddress = 	 {},
  OPTnote = 	 {},
  doi =		 {10.1007/978-3-030-42234-9_7},
  url =		 {https://doi.org/10.1007/978-3-030-42234-9_7},
  OPTannote = 	 {}
}

@Article{flab/kimoto19:mdpi_sensors,
  author = 	 {Kimoto, Ryota and Ishida, Shigemi and Yamamoto, Takahiro and Tagashira, Shigeaki and Fukuda, Akira},
  title = 	 {{MuCHLoc}: Indoor {ZigBee} Localization System Utilizing Inter-Channel Characteristics},
  journal = 	 MDPI_SENSORS,
  year = 	 {2019},
  OPTkey = 	 {},
  volume = 	 {19},
  number = 	 {7},
  pages = 	 {1645:1--1645:17},
  month = 	 apr,
  OPTnote = 	 {},
  OPTannote = 	 {},
  url =		 {https://doi.org/10.3390/s19071645},
  doi =		 {10.3390/s19071645}
}

@InProceedings{flab/hayashi19:dicomo,
  author = 	 {林 健太 and 石田 繁巳 and 田頭 茂明 and 福田 晃},
  title = 	 {着座時の臀部圧力分布を用いた人物同定手法の評価},
  OPTcrossref =  {},
  OPTkey = 	 {},
  booktitle =	 IPSJJ_P_DICOMO,
  year = 	 {2019},
  OPTeditor = 	 {},
  OPTvolume = 	 {},
  OPTnumber = 	 {},
  OPTseries = 	 {},
  pages = 	 {1021--1026},
  month = 	 jul,
  OPTaddress = 	 {},
  OPTorganization = {},
  OPTpublisher = {},
  OPTnote = 	 {},
  OPTannote = 	 {}
}

@InProceedings{flab/ishida19:dicomo,
  author = 	 {石田 繁巳 and 内野 雅人 and 小池 大地 and 田頭 茂明 and 福田 晃},
  title = 	 {路側設置ステレオマイクを用いた車両種別推定手法の初期的評価},
  OPTcrossref =  {},
  OPTkey = 	 {},
  booktitle =	 IPSJJ_P_DICOMO,
  year = 	 {2019},
  OPTeditor = 	 {},
  OPTvolume = 	 {},
  OPTnumber = 	 {},
  OPTseries = 	 {},
  pages = 	 {1682--1687},
  month = 	 jul,
  OPTaddress = 	 {},
  OPTorganization = {},
  OPTpublisher = {},
  OPTnote = 	 {},
  OPTannote = 	 {}
}

@InProceedings{flab/ishida19:dicomo_e,
  author = 	 {Ishida, Shigemi and Uchino, Masato and Koike, Daichi and Tagashira, Shigeaki and Fukuda, Akira},
  title = 	 {Initial Evaluation of Vehicle Type Estimation using Sidewalk Stereo Microphones (in Japanese)},
  OPTcrossref =  {},
  OPTkey = 	 {},
  booktitle =	 IPSJJ_P_DICOMO_E,
  year = 	 {2019},
  OPTeditor = 	 {},
  OPTvolume = 	 {},
  OPTnumber = 	 {},
  OPTseries = 	 {},
  pages = 	 {1682--1687},
  month = 	 jul,
  OPTaddress = 	 {},
  OPTorganization = {},
  OPTpublisher = {},
  OPTnote = 	 {},
  OPTannote = 	 {}
}

@InProceedings{flab/ishida19:itsc,
  author = 	 {Ishida, Shigemi and Uchino, Masato and Li, Chengyu and Tagashira, Shigeaki and Fukuda, Akira},
  title = 	 {Design of Acoustic Vehicle Detector with Steady-Noise Suppression},
  OPTcrossref =  {},
  OPTkey = 	 {},
  booktitle =	 IEEE_P_ITSC,
  year = 	 {2019},
  OPTeditor = 	 {},
  OPTvolume = 	 {},
  OPTnumber = 	 {},
  OPTseries = 	 {},
  pages = 	 {2848--2853},
  month = 	 oct,
  OPTaddress = 	 {Auckland, New Zealand},
  OPTorganization = {},
  OPTpublisher = {},
  OPTnote = 	 {},
  OPTannote = 	 {},
  url =		 {https://doi.org/10.1109/ITSC.2019.8917289},
  doi =		 {10.1109/ITSC.2019.8917289}
}

@InProceedings{flab/takahashi19:sensors_poster,
  author = 	 {Takahashi, Ryo and Ishida, Shigemi and Fukuda, Akira and Murakami, Tomoki and Otsuki, Shinya},
  title = 	 {{DNN}-Based Outdoor {NLOS} Human Detection Using {IEEE}\,802.11ac {WLAN} Signal},
  OPTcrossref =  {},
  OPTkey = 	 {},
  booktitle =	 IEEE_P_SENSORS,
  year = 	 {2019},
  OPTeditor = 	 {},
  OPTvolume = 	 {},
  OPTnumber = 	 {},
  OPTseries = 	 {},
  pages = 	 {1--4},
  month = 	 oct,
  OPTaddress = 	 {Montr\'eal, QC, Canada},
  OPTorganization = {},
  OPTpublisher = {},
  OPTnote = 	 {},
  OPTannote = 	 {},
  url =		 {https://doi.org/10.1109/SENSORS43011.2019.8956943},
  doi =		 {10.1109/SENSORS43011.2019.8956943}
}

@InProceedings{flab/uchino19:dpsws,
  author = 	 {内野 雅人 and 石田 繁巳 and 田頭 茂明 and 荒川 豊 and 福田 晃},
  title = 	 {多車線道路に対応した2段階音響車両検出システムの初期的評価},
  OPTcrossref =  {},
  OPTkey = 	 {},
  booktitle =	 IPSJJ_P_DPSWS,
  year = 	 {2019},
  OPTeditor = 	 {},
  OPTvolume = 	 {},
  OPTnumber = 	 {},
  OPTseries = 	 {},
  pages = 	 {84--90},
  month = 	 nov,
  OPTaddress = 	 {},
  OPTorganization = {},
  OPTpublisher = {},
  OPTnote = 	 {},
  url =		 {http://id.nii.ac.jp/1001/00199833/},
  annote = 	 {（最優秀プレゼンテーション賞）}
}

@Article{flab/ishida20:zigloc_sandm,
  author = 	 {Ishida, Shigemi and Arakawa, Yutaka and Tagashira, Shigeaki and Fukuda, Akira},
  title = 	 {{Wireless} {Local} {Area} {Network} Signal Strength Measurement for Sensor Localization without New Anchors},
  journal = 	 MISC_J_SANDM,
  year = 	 {2020},
  OPTkey = 	 {},
  volume = 	 {32},
  number = 	 {1},
  pages = 	 {97--114},
  month = 	 jan,
  OPTnote = 	 {},
  OPTannote = 	 {},
  doi =		 {10.18494/SAM.2020.2592},
  url =		 {https://doi.org/10.18494/SAM.2020.2592}
}

@InBook{flab/ishida20:iot_book_corona,
  ALTauthor = 	 {石田 繁巳},
  editor = 	 {渡辺 晴美 and 今村 誠 and 久住 憲嗣},
  title = 	 {つながる! 基礎技術 {IoT}入門 ---コンピュータ・ネットワーク・データの基礎から開発まで---},
  chapter = 	 {第1章 ネットワーク},
  publisher = 	 {コロナ社},
  year = 	 {2020},
  OPTkey = 	 {},
  OPTvolume = 	 {},
  OPTnumber = 	 {},
  OPTseries = 	 {},
  OPTtype = 	 {},
  OPTaddress = 	 {},
  OPTedition = 	 {},
  month = 	 jan,
  OPTpages = 	 {},
  note = 	 {},
  OPTannote = 	 {},
  url =		 {https://www.coronasha.co.jp/np/isbn/9784339029000/}
}

@InProceedings{flab/orihara19:mika_poster,
  author = 	 {折原 凌 and 石田 繁巳 and 荒川 豊 and 田頭 茂明 and 福田 晃},
  title = 	 {[ポスター講演] {Wi-Fi}信号を用いた自動車・自転車・歩行者の検出手法の検討},
  OPTcrossref =  {},
  OPTkey = 	 {},
  booktitle =	 IEICEJ_T_MIKA,
  year = 	 {2019},
  OPTeditor = 	 {},
  OPTvolume = 	 {},
  OPTnumber = 	 {},
  OPTseries = 	 {},
  pages = 	 {1},
  month = 	 oct,
  OPTaddress = 	 {},
  OPTorganization = {},
  OPTpublisher = {},
  note = 	 {poster 3-80},
  url =		 {https://www.ieice.org/ken/paper/20191004A1qL/},
  annote = 	 {（ポスター賞 若手部門）}
}

@InProceedings{flab/uchino20:pervehicle,
  author = 	 {Uchino, Masato and Dawton, Billy and Hori, Yuki and Ishida, Shigemi and Tagashira, Shigeaki and Arakawa, Yutaka and Fukuda, Akira},
  title = 	 {Initial Design of Two-Stage Acoustic Vehicle Detection System for High Traffic Roads},
  OPTcrossref =  {},
  OPTkey = 	 {},
  booktitle =	 IEEE_P_PERVEHICLE,
  year = 	 {2020},
  OPTeditor = 	 {},
  OPTvolume = 	 {},
  OPTnumber = 	 {},
  OPTseries = 	 {},
  pages = 	 {590--595},
  month = 	 mar,
  OPTaddress = 	 {Austin, TX},
  OPTorganization = {},
  OPTpublisher = {},
  OPTnote = 	 {},
  OPTannote = 	 {},
  url =		 {https://doi.org/10.1109/PerComWorkshops48775.2020.9156248},
  doi =		 {10.1109/PerComWorkshops48775.2020.9156248}
}

@InProceedings{flab/yamamoto20:vtc-spring,
  author = 	 {Yamamoto, Takahiro and Ishida, Shigemi and Kimoto, Ryota and Tagashira, Shigeaki and Fukuda, Akira},
  title = 	 {Design of {BLE} 2-Step Separate Channel Fingerprinting},
  OPTcrossref =  {},
  OPTkey = 	 {},
  booktitle =	 IEEE_P_VTC # " (VTC-Spring)",
  year = 	 {2020},
  OPTeditor = 	 {},
  OPTvolume = 	 {},
  OPTnumber = 	 {},
  OPTseries = 	 {},
  pages = 	 {1--6},
  month = 	 may,
  OPTaddress = 	 {Antwerp, Belgium},
  OPTorganization = {},
  OPTpublisher = {},
  OPTnote = 	 {},
  OPTannote = 	 {},
  url =		 {https://doi.org/10.1109/VTC2020-Spring48590.2020.9128872},
  doi =		 {10.1109/VTC2020-Spring48590.2020.9128872}
}

@InProceedings{flab/bdawton20:semi_csense,
  author = 	 {Dawton, Billy and Ishida, Shigemi and Hori, Yuki and Uchino, Masato and Arakawa, Yutaka and Fukuda, Akira},
  title = 	 {Initial Evaluation of a Compressive Measurement-Based Acoustic Vehicle Detection and Identification System},
  OPTcrossref =  {},
  OPTkey = 	 {},
  booktitle =	 IEICEJ_T,
  year = 	 {2020},
  OPTeditor = 	 {},
  OPTvolume = 	 {119},
  OPTnumber = 	 {406},
  OPTseries = 	 {},
  pages = 	 {69--74},
  month = 	 jan,
  OPTaddress = 	 {},
  OPTorganization = {},
  OPTpublisher =	 {},
  note = 	 IEICEJ_T_SEMI_E # " (SeMI2019-116)",
  url =		 {https://www.ieice.org/ken/paper/2020013141Ud/},
  OPTannote = 	 {}
}

@InProceedings{flab/mitsukude20:semi_fridge,
  author = 	 {光来出 優大 and 林 健太 and 石田 繁巳 and 荒川 豊 and 福田 晃},
  title = 	 {冷蔵庫開閉音を用いた開閉扉の識別手法の提案と初期評価},
  OPTcrossref =  {},
  OPTkey = 	 {},
  booktitle =	 IEICEJ_T,
  year = 	 {2020},
  OPTeditor = 	 {},
  OPTvolume = 	 {119},
  OPTnumber = 	 {406},
  OPTseries = 	 {},
  pages = 	 {63--68},
  month = 	 jan,
  OPTaddress = 	 {},
  OPTorganization = {},
  OPTpublisher =	 {},
  note = 	 IEICEJ_T_SEMI # "（SeMI2019-115）",
  url =		 {https://www.ieice.org/ken/paper/20200131d1UV/},
  OPTannote = 	 {}
}

@InProceedings{flab/hayashi20:ipsj_z,
  author = 	 {林 健太 and 石田 繁巳 and 荒川 豊},
  title = 	 {単一の加速度センサによる座位姿勢認識チェアの検討},
  OPTcrossref =  {},
  OPTkey = 	 {},
  booktitle =	 IPSJJ_Z,
  pages = 	 {3:259--3:260},
  year = 	 {2020},
  OPTeditor = 	 {},
  OPTvolume = 	 {},
  OPTnumber = 	 {},
  OPTseries = 	 {},
  OPTaddress = 	 {},
  month = 	 mar,
  OPTorganization = {},
  OPTpublisher =	 {},
  note = 	 {1X-04},
  OPTurl =		 {},
  OPTannote = 	 {}
}

@InProceedings{flab/tokuda20:ipsj_z,
  author = 	 {徳田 瑛 and 林 健太 and 石田 繁巳 and 荒川 豊},
  title = 	 {{IoT}システムのプロトタイピングに関する問題点の考察},
  OPTcrossref =  {},
  OPTkey = 	 {},
  booktitle =	 IPSJJ_Z,
  pages = 	 {3:131--3:132},
  year = 	 {2020},
  OPTeditor = 	 {},
  OPTvolume = 	 {},
  OPTnumber = 	 {},
  OPTseries = 	 {},
  OPTaddress = 	 {},
  month = 	 mar,
  OPTorganization = {},
  OPTpublisher =	 {},
  note = 	 {4V-08},
  OPTurl =		 {},
  OPTannote = 	 {}
}

@InProceedings{flab/uchino20:ipsj_z,
  author = 	 {内野 雅人 and Dawton, Billy and  堀 祐貴 and 石田 繁巳 and 田頭 茂明 and 荒川 豊 and 福田 晃},
  title = 	 {音響車両検出システムの多車線道路における車線推定手法の提案},
  OPTcrossref =  {},
  OPTkey = 	 {},
  booktitle =	 IPSJJ_Z,
  pages = 	 {3:69--3:70},
  year = 	 {2020},
  OPTeditor = 	 {},
  OPTvolume = 	 {},
  OPTnumber = 	 {},
  OPTseries = 	 {},
  OPTaddress = 	 {},
  month = 	 mar,
  OPTorganization = {},
  OPTpublisher =	 {},
  note = 	 {7U-02},
  OPTurl =		 {},
  OPTannote = 	 {}
}

@InProceedings{flab/matsuo20:ipsj_z,
  author = 	 {松尾 周汰 and 荒川 豊 and 石田 繁巳},
  title = 	 {継続的なストレスチェックを実現するためのスマートウォッチアプリケーションの設計と実装},
  OPTcrossref =  {},
  OPTkey = 	 {},
  booktitle =	 IPSJJ_Z,
  pages = 	 {3:299--3:300},
  year = 	 {2020},
  OPTeditor = 	 {},
  OPTvolume = 	 {},
  OPTnumber = 	 {},
  OPTseries = 	 {},
  OPTaddress = 	 {},
  month = 	 mar,
  OPTorganization = {},
  OPTpublisher =	 {},
  note = 	 {5X-01},
  OPTurl =		 {},
  OPTannote = 	 {}
}

@InProceedings{flab/matsumoto20:ipsj_z,
  author = 	 {松本 大生 and 高橋 遼 and 石田 繁巳 and 荒川 豊},
  title = 	 {無線{LAN}を用いたデバイスフリー室内混雑度推定の初期評価},
  OPTcrossref =  {},
  OPTkey = 	 {},
  booktitle =	 IPSJJ_Z,
  pages = 	 {3:247--3:248},
  year = 	 {2020},
  OPTeditor = 	 {},
  OPTvolume = 	 {},
  OPTnumber = 	 {},
  OPTseries = 	 {},
  OPTaddress = 	 {},
  month = 	 mar,
  OPTorganization = {},
  OPTpublisher =	 {},
  note = 	 {6W-07},
  OPTurl =		 {},
  OPTannote = 	 {}
}

@InProceedings{flab/mitsukude20:ipsj_z,
  author = 	 {光来出 優大 and 林 健太 and 石田 繁巳 and 荒川 豊 and 福田 晃},
  title = 	 {冷蔵庫開閉音を用いた人物識別の検討},
  OPTcrossref =  {},
  OPTkey = 	 {},
  booktitle =	 IPSJJ_Z,
  pages = 	 {3:249--3:250},
  year = 	 {2020},
  OPTeditor = 	 {},
  OPTvolume = 	 {},
  OPTnumber = 	 {},
  OPTseries = 	 {},
  OPTaddress = 	 {},
  month = 	 mar,
  OPTorganization = {},
  OPTpublisher =	 {},
  note = 	 {6W-08},
  OPTurl =		 {},
  OPTannote = 	 {}
}

@InProceedings{flab/tokuhara20:ipsj_z,
  author = 	 {徳原 耕亮 and Dawton, Billy and 荒川 豊 and 石田 繁巳},
  title = 	 {グループミーティング動画からの発話量抽出手法の検討},
  OPTcrossref =  {},
  OPTkey = 	 {},
  booktitle =	 IPSJJ_Z,
  pages = 	 {3:311--3:312},
  year = 	 {2020},
  OPTeditor = 	 {},
  OPTvolume = 	 {},
  OPTnumber = 	 {},
  OPTseries = 	 {},
  OPTaddress = 	 {},
  month = 	 mar,
  OPTorganization = {},
  OPTpublisher =	 {},
  note = 	 {5X-07},
  OPTurl =		 {},
  OPTannote = 	 {}
}

@InProceedings{flab/orihara20:ipsj_z,
  author = 	 {折原 凌 and 石田 繁巳 and 荒川 豊 and 福田 晃},
  title = 	 {{Wi-Fi}信号を用いた見通し・非見通し混在環境における自動車・自転車検出手法の検討},
  OPTcrossref =  {},
  OPTkey = 	 {},
  booktitle =	 IPSJJ_Z,
  pages = 	 {3:67--3:68},
  year = 	 {2020},
  OPTeditor = 	 {},
  OPTvolume = 	 {},
  OPTnumber = 	 {},
  OPTseries = 	 {},
  OPTaddress = 	 {},
  month = 	 mar,
  OPTorganization = {},
  OPTpublisher =	 {},
  note = 	 {7U-01},
  OPTurl =		 {},
  OPTannote = 	 {}
}

@InProceedings{flab/uchino20:ipsj-its_poster,
  author = 	 {内野 雅人 and 石田 繁巳 and 田頭 茂明 and 荒川 豊 and 福田 晃},
  title = 	 {ステレオマイクを用いた車両検出及び車線推定手法の検討},
  OPTcrossref =  {},
  OPTkey = 	 {},
  booktitle =	 IPSJJ_P_ITS_FORUM,
  year = 	 {2020},
  OPTeditor = 	 {},
  OPTvolume = 	 {},
  OPTnumber = 	 {},
  OPTseries = 	 {},
  pages = 	 {23},
  month = 	 jan,
  OPTaddress = 	 {},
  OPTorganization = {},
  OPTpublisher = {},
  OPTnote = 	 {},
  url =		 {http://id.nii.ac.jp/1001/00202884/},
  OPTannote = 	 {}
}

@InProceedings{flab/hori20:ipsj_its,
  author = 	 {堀 佑貴 and 石田 繁巳 and 内野 雅人 and 安藤 崇央 and 荒川 豊 and 福田 晃},
  title = 	 {主電動機磁励音を用いた鉄道乗車位置推定手法の設計と評価},
  OPTcrossref =  {},
  OPTkey = 	 {},
  booktitle =	 IPSJJ_T_,
  year = 	 {2020},
  OPTeditor = 	 {},
  OPTvolume = 	 {2020-ITS-80},
  OPTnumber = 	 {1},
  OPTseries = 	 {},
  pages = 	 {1--8},
  month = 	 mar,
  OPTaddress = 	 {},
  OPTorganization = {},
  OPTpublisher =	 {},
  note = 	 IPSJJ_T_ITS2 # "（ITS-80-1）",
  url =		 {http://id.nii.ac.jp/1001/00203580/},
  annote = 	 {（優秀発表賞）}
}

@InProceedings{flab/orihara20:ipsj_its,
  author = 	 {折原 凌 and 石田 繁巳 and 荒川 豊 and 福田 晃},
  title = 	 {{Wi-Fi}信号を用いた自動車・自転車検出手法の設計と評価},
  OPTcrossref =  {},
  OPTkey = 	 {},
  booktitle =	 IPSJJ_T_,
  year = 	 {2020},
  OPTeditor = 	 {},
  OPTvolume = 	 {2020-ITS-80},
  OPTnumber = 	 {3},
  OPTseries = 	 {},
  pages = 	 {1--8},
  month = 	 mar,
  OPTaddress = 	 {},
  OPTorganization = {},
  publisher =	 IPSJJ_T_ITS2 # "（ITS-80-3）",
  OPTnote = 	 {},
  url =		 {http://id.nii.ac.jp/1001/00203582/},
  annote = 	 {（優秀論文賞）}
}

@InProceedings{flab/bdawton20:ieee_sas,
  author = 	 {Dawton, Billy and Ishida, Shigemi and Hori, Yuki and Uchino, Masato and Arakawa, Yutaka and Tagashira, Shigeaki and Fukuda, Akira},
  title = 	 {Initial Evaluation of Vehicle Type Identification using Roadside Stereo Microphones},
  OPTcrossref =  {},
  OPTkey = 	 {},
  booktitle =	 IEEE_P_SAS,
  year = 	 {2020},
  OPTeditor = 	 {},
  OPTvolume = 	 {},
  OPTnumber = 	 {},
  OPTseries = 	 {},
  pages = 	 {1--6},
  month = 	 mar,
  OPTaddress = 	 {Kuala Lumpur, Malaysia},
  OPTorganization = {},
  OPTpublisher = {},
  OPTnote = 	 {},
  url =		 {https://doi.org/10.1109/SAS48726.2020.9220076},
  doi =		 {10.1109/SAS48726.2020.9220076},
  OPTannote = 	 {}
}

@InProceedings{flab/hori20:deim,
  author = 	 {堀 佑貴 and 檜枝 琴里 and 安藤 崇央 and 石田 繁巳 and 福田 晃},
  title = 	 {{IDE}操作履歴に基づくキーボードショートカット普及率向上のための提案},
  OPTcrossref =  {},
  OPTkey = 	 {},
  booktitle =	 IEICEJ_P_DEIM,
  year = 	 {2020},
  OPTeditor = 	 {},
  OPTvolume = 	 {},
  OPTnumber = 	 {},
  OPTseries = 	 {},
  pages = 	 {1--5},
  month = 	 mar,
  OPTaddress = 	 {},
  OPTorganization = {},
  OPTpublisher = {},
  note = 	 {A2-4},
  url =		 {https://proceedings-of-deim.github.io/DEIM2020/papers/A2-4.pdf},
  OPTannote = 	 {}
}

@InProceedings{flab/koike20:dicomo,
  author = 	 {小池 大地 and 石田 繁巳 and 荒川 豊},
  title = 	 {通信トラヒック分析に基づく{IoT}デバイスの発動機能推定手法の検討},
  OPTcrossref =  {},
  OPTkey = 	 {},
  booktitle =	 IPSJJ_P_DICOMO,
  year = 	 {2020},
  OPTeditor = 	 {},
  OPTvolume = 	 {},
  OPTnumber = 	 {},
  OPTseries = 	 {},
  pages = 	 {933--939},
  month = 	 jun,
  OPTaddress = 	 {},
  OPTorganization = {},
  OPTpublisher = {},
  OPTnote = 	 {},
  OPTannote = 	 {},
  OPTurl =		 {}
}

@InProceedings{flab/bdawton20:vtc-fall,
  author = 	 {Dawton, Billy and Ishida, Shigemi and Hori, Yuki and Uchino, Masato and Arakawa, Yutaka},
  title = 	 {Proposal for a Compressive Measurement-Based Acoustic Vehicle Detection and Identification System},
  OPTcrossref =  {},
  OPTkey = 	 {},
  booktitle =	 IEEE_P_VTC # " (VTC-Fall)",
  year = 	 {2020},
  OPTeditor = 	 {},
  OPTvolume = 	 {},
  OPTnumber = 	 {},
  OPTseries = 	 {},
  pages = 	 {1--6},
  month = 	 nov,
  OPTaddress = 	 {Online},
  OPTorganization = {},
  OPTpublisher = {},
  OPTnote = 	 {},
  OPTurl =		 {},
  OPTdoi =		 {},
  OPTannote = 	 {}
}

@InProceedings{flab/nakanishi20:smarch,
  author = 	 {中西 恒夫 and 荒川 豊 and 安藤 崇央 and 石田 繁巳 and 金子 邦彦 and 田頭 茂明 and 久住 憲嗣 and 峯 恒憲 and 福田 晃},
  title = 	 {{SMArch}: スマートモビリティのためのソフトウェアアーキテクチャ},
  OPTcrossref =  {},
  OPTkey = 	 {},
  booktitle =	 IEICEJ_T,
  year = 	 {2020},
  pages = 	 {13--18},
  month = 	 mar,
  OPTaddress = 	 {},
  OPTorganization = {},
  OPTpublisher =	 {},
  note = 	 IEICEJ_T_ITS # "（ITS2019-59）",
  url =		 {https://www.ieice.org/ken/paper/20200310W1ws/},
  OPTannote = 	 {}
}

@InProceedings{flab/nakanishi20:icsie,
  author = 	 {Nakanishi, Tsuneo and Arakawa Yutaka and Ando, Takahiro and Ishida, Shigemi and Hisazumi, Kenji and Mine, Tsunenori and Fukuda, Akira},
  title = 	 {An Inter-Organizational Software Architecture for Smart Mobility},
  OPTcrossref =  {},
  OPTkey = 	 {},
  booktitle =	 MISC_P_ICSIE,
  year = 	 {2020},
  OPTeditor = 	 {},
  OPTvolume = 	 {},
  OPTnumber = 	 {},
  OPTseries = 	 {},
  pages = 	 {41--46},
  month = 	 nov,
  OPTaddress = 	 {Online},
  OPTorganization = {},
  OPTpublisher = {},
  OPTnote = 	 {},
  url =		 {https://doi.org/10.1145/3436829.3436868},
  doi =		 {10.1145/3436829.3436868},
  OPTannote = 	 {}
}

@InProceedings{flab/takahashi20:sensys_poster,
  author = 	 {Takahashi, Ryo and Hayashi, Kenta and Mitsukude, Yudai and Futamata, Masanori and Inoue, Shunei and Matsuo, Shuta and Ishida, Shigemi and Arakawa, Yutaka and Takano, Shigeru},
  title = 	 {Poster Abstract: Itocon -- A System for Visualizing the Congestion of Bus Stops around {Ito} Campus in Real-Time},
  OPTcrossref =  {},
  OPTkey = 	 {},
  booktitle =	 ACM_P_SENSYS # ", Poster",
  year = 	 {2020},
  OPTeditor = 	 {},
  OPTvolume = 	 {},
  OPTnumber = 	 {},
  OPTseries = 	 {},
  pages = 	 {697--698},
  month = 	 nov,
  OPTaddress = 	 {Online},
  OPTorganization = {},
  OPTpublisher = {},
  OPTnote = 	 {},
  url =		 {https://doi.org/10.1145/3384419.3430395},
  doi =		 {10.1145/3384419.3430395},
  OPTannote = 	 {}
}

@InProceedings{flab/jian21:icdcn_mfsens,
  author = 	 {Jian, Sirui and Ishida, Shigemi and Arakawa, Yutaka},
  title = 	 {Initial Attempt on {Wi-Fi} {CSI} Based Vibration Sensing for Factory Equipment Fault Detection},
  OPTcrossref =  {},
  OPTkey = 	 {},
  booktitle =	 MISC_P_MFSENS,
  year = 	 {2021},
  OPTeditor = 	 {},
  OPTvolume = 	 {},
  OPTnumber = 	 {},
  OPTseries = 	 {},
  pages = 	 {163--168},
  month = 	 jan,
  OPTaddress = 	 {Nara, Japan},
  OPTorganization = {},
  OPTpublisher = {},
  OPTnote = 	 {},
  url =		 {https://doi.org/10.1145/3427477.3429462},
  doi =		 {10.1145/3427477.3429462},
  OPTannote = 	 {}
}

@InProceedings{flab/inoue20:semi_itocon,
  author = 	 {井上 隼英 and {\ajHashigoTaka\@橋} 遼 and 林 健太 and 光来出 優大 and 二俣 雅紀 and 松尾 周汰 and 石田 繁巳 and 荒川 豊 and 高野 茂},
  title = 	 {[依頼講演] itocon: 複数の混雑度センサを用いたバス停混雑度可視化システム},
  OPTcrossref =  {},
  OPTkey = 	 {},
  booktitle =	 IEICEJ_T,
  year = 	 {2020},
  OPTeditor = 	 {},
  OPTvolume = 	 {},
  OPTnumber = 	 {},
  OPTseries = 	 {},
  pages = 	 {1--6},
  month = 	 nov,
  OPTaddress = 	 {},
  OPTorganization = {},
  OPTpublisher =	 {},
  OPTnote = 	 IEICEJ_T_SEMI # "（SeMI2019-115）",
  OPTnote = {},
  url =		 {https://www.ieice.org/ken/paper/20201127OCaR/},
  OPTannote = 	 {}
}

@Article{flab/ishida21:wipeople,
  author = 	 {Ishida, Shigemi and Takahashi, Ryo and Murakami, Tomoki and Otsuki, Shinya},
  title = 	 {{IEEE\,802.11ac}-Based Outdoor Device-Free Human Localization},
  journal = 	 MISC_J_SANDM,
  year = 	 {2021},
  OPTkey = 	 {},
  volume = 	 {33},
  number = 	 {1},
  pages = 	 {53--68},
  month = 	 jan,
  OPTnote = 	 {},
  OPTannote = 	 {},
  doi =		 {10.18494/SAM.2021.2987},
  url =		 {https://doi.org/10.18494/SAM.2021.2987}
}

@InProceedings{flab/takahashi20:dpsws_poster,
  author = 	 {{\ajHashigoTaka\@橋} 遼 and 林 健太 and 光来出 優大 and 二俣 雅紀 and 井上 隼英 and 松尾 周汰 and 石田 繁巳 and 荒川 豊 and 高野 茂},
  title = 	 {バス停混雑度可視化システムitocon（いとこん）},
  OPTcrossref =  {},
  OPTkey = 	 {},
  booktitle =	 IPSJJ_P_DPSWS # "，ポスター",
  year = 	 {2020},
  OPTeditor = 	 {},
  OPTvolume = 	 {},
  OPTnumber = 	 {},
  OPTseries = 	 {},
  pages = 	 {227--230},
  month = 	 nov,
  OPTaddress = 	 {},
  OPTorganization = {},
  OPTpublisher = {},
  OPTnote = 	 {},
  url =		 {http://id.nii.ac.jp/1001/00207534/},
  annote = 	 {（優秀ポスター賞）}
}


@inproceedings{flab/arita21:ipsj_z,
  booktitle = {情報処理学会全国大会講演論文集},
  year = {2021},
  month = mar,
  note = {will appear},
  title = {エナジーハーベストな名札による屋内場所推定システムの開発},
  author = {充, 有田 and 繁巳, 石田 and 豊, 荒川}
}

@inproceedings{flab/hayashi21:ipsj_z,
  booktitle = {情報処理学会全国大会講演論文集},
  year = {2021},
  month = mar,
  note = {will appear},
  title = {就業中における作業・非作業状態の推定手法の提案},
  author = {健太, 林 and 慎吾, 熊副 and 繁巳, 石田 and 豊, 荒川}
}

@inproceedings{flab/joya21:ipsj_z,
  booktitle = {情報処理学会全国大会講演論文集},
  year = {2021},
  month = mar,
  note = {will appear},
  title = {生活音からの部屋種別推定手法の検討},
  author = {知葵, 城谷 and 優大, 光来出 and 繁巳, 石田 and 豊, 荒川}
}

@inproceedings{flab/koike21:acm-sac,
  booktitle = {Proceedings of the {{ACM}}/{{SIGAPP Symposium On Applied Computing}} ({{SAC}})},
  year = {2021},
  month = mar,
  pages = {737--743},
  address = {{Gwangju, South Korea}},
  title = {Called {{Function Identification}} of {{IoT Devices}} by {{Network Traffic Analysis}}},
  place = {Gwangju, South Korea},
  author = {Koike, Daichi and Ishida, Shigemi and Arakawa, Yutaka}
}

@inproceedings{flab/mitsukude21:ipsj_z,
  booktitle = {情報処理学会全国大会講演論文集},
  year = {2021},
  month = mar,
  note = {will appear},
  title = {2つのマイクによる部屋レベル話者位置推定の検討},
  author = {優大, 光来出 and 知葵, 城谷 and 繁巳, 石田 and 豊, 荒川}
}

@inproceedings{flab/tokunaga21:ipsj_z,
  booktitle = {情報処理学会全国大会講演論文集},
  year = {2021},
  month = mar,
  note = {will appear},
  title = {プログラミング教育における 課題提出時刻に基づく自己調整学習の状況認識},
  author = {大空, 徳永 and 豊, 荒川 and 繁巳, 石田 and 敬士, 島田 and 恒憲, 峯}
}
